3062 4540
814 221 876 285 110

291 417 479 501 opusoulum
501 415 667 482 habendus
690 422 745 501 est,
769 417 852 502 quod
868 417 1038 482 Frontinus
1056 417 1144 482 velut
1158 437 1225 482 rem
1243 418 1402 483 residuam

289 523 378 589 libris
401 529 644 608 strategematon
667 524 707 590 ad
730 525 892 610 exemplar
913 524 1094 610 appendicis
1116 529 1226 610 postea
1247 526 1402 590 adiunxit

290 629 369 696 Cum
393 637 498 696 autem
521 631 601 696 liber
624 633 812 715 strategioon
836 633 924 696 velut
945 651 996 696 res
1018 631 1144 696 residua
1165 631 1331 716 expeditus
1354 634 1404 715 sit,

289 757 354 802 non
385 739 496 804 eodem
527 739 687 823 diligentia
720 759 785 823 qua
816 739 889 804 libri
920 744 1162 824 stratagematon
1191 775 1232 786 —
1261 737 1404 802 Gunder·

289 864 427 910 mannus
449 844 517 910 libr.
541 844 597 910 IV.
621 846 661 911 ab
683 846 809 911 homine
832 846 916 912 haud
938 848 983 911 ite
1005 846 1129 912 erudito
1156 848 1308 932 seriptum
1335 863 1404 909 esse

290 954 365 1018 dicit
395 974 445 1039 pg.
479 958 542 1018 326
575 989 620 1000 -
651 957 841 1039 compositus
874 959 929 1018 est
982 952 1044 1018 Sed
1076 973 1117 1018 ex
1153 954 1213 1018 boo
1251 971 1332 1037 quoe
1369 953 1404 1015 in

290 1060 370 1126 libro
393 1060 448 1126 IV.
473 1065 601 1144 apparet
623 1061 820 1146 neglegentia
842 1080 907 1125 non
931 1060 1075 1124 oonoludi
1097 1061 1182 1144 lieet,
1208 1059 1326 1124 librum
1347 1058 1404 1124 IV.

289 1167 483 1249 aFrontino,
498 1169 567 1232 viro
582 1168 718 1232 eximiae
740 1169 944 1250 strenuitatis,
963 1167 1207 1232 abiudioondum
1227 1185 1310 1247 esse;
1329 1186 1406 1230 nam

290 1275 492 1360 praefationis
515 1273 588 1340 libn'
606 1274 662 1339 IV.
685 1275 790 1340 verbis
811 1275 849 1342 ior
874 1297 940 1360 quo
962 1280 993 1341 et
1014 1275 1087 1359 ipso
1110 1275 1187 1356 (soil.
1203 1295 1239 1340 re
1255 1275 1405 1357 residuo)

292 1381 438 1449 ordinem
455 1377 655 1466 per‘speea‘es
676 1403 805 1449 servare
827 1382 995 1450 oooobor
1017 1381 1187 1447 Frontinus
1213 1384 1281 1466 ipae
1308 1383 1406 1466 signi-

291 1487 385 1555 ficere
411 1489 526 1572 voluit,
553 1490 587 1552 in
614 1488 694 1554 libro
721 1489 777 1553 IV.
805 1489 1020 1574 componendo
1047 1507 1081 1554 se
1108 1509 1173 1553 non
1201 1490 1312 1554 eadem
1337 1488 1407 1552 tore

292 1595 459 1680 diligentia.

379 1702 431 1766 Ex
459 1721 495 1768 eo
522 1707 643 1786 autem,
675 1703 759 1788 quod
791 1704 851 1769 hoo
877 1703 1116 1782 Frontinianum
1144 1722 1224 1787 opus
1251 1723 1271 1766 a
1297 1703 1406 1766 multis

291 1809 423 1894 legendo
456 1810 547 1894 quasi
578 1809 810 1894 conterebatur,
846 1811 966 1876 laetum
998 1829 1066 1876 esse
1098 1811 1222 1895 opinor,
1255 1814 1292 1874 ut
1328 1809 1406 1874 ordo
1512 1860 1513 1888 ,

291 1918 440 1982 materiae
459 1916 643 1982 ab‘rontino
665 1923 817 1984 tractatos
839 1938 876 1983 oo
897 1917 1077 1983 distributio
1095 1915 1311 2003 compluribus
1328 1917 1406 1980 loois
1512 1899 1513 1912 ¹

292 2024 533 2090 conturbaretur
541 2030 571 2090 et
580 2026 755 2110 genuinum
766 2045 844 2111 opus
857 2027 950 2092 novis
964 2026 1119 2110 exemplis
1133 2025 1263 2089 adiectis
1276 2043 1407 2110 prorsus

292 2134 516 2216 inquinaretur.
539 2132 700 2217 Imprimis
714 2133 805 2198 facile
821 2133 971 2217 explicari
985 2137 1095 2217 potest,
1112 2130 1406 2216 quomodofaotum

293 2240 343 2323 sit,
366 2245 402 2304 ut
424 2240 570 2324 exempla
588 2239 707 2305 eisdem
729 2240 795 2304 tere
810 2239 916 2304 verbis
938 2259 1086 2324 expressa
1104 2245 1135 2304 et
1152 2241 1187 2302 in
1201 2237 1290 2302 libris
1304 2237 1407 2302 tribus
1513 2268 1514 2318 l

293 2346 450 2433 prioribus
477 2353 510 2412 et
535 2348 568 2410 in
595 2346 676 2412 libro
698 2346 753 2412 IV.
776 2347 982 2414 traderentur.
1024 2347 1298 2412 verisimillimum
1321 2348 1407 2410 enim

292 2461 378 2540 puto,
388 2456 492 2520 virum
508 2454 674 2539 quendam,
686 2457 742 2539 qui
751 2454 894 2519 Frontini
905 2474 997 2540 opere
1013 2455 1148 2519 multum
1161 2473 1238 2518 usus
1253 2459 1309 2536 est,
1323 2455 1408 2518 inter

294 2562 441 2646 exempla
463 2563 650 2645 strategioon
670 2581 689 2626 a
707 2561 858 2626 Frontino
877 2563 1048 2646 composito
1066 2561 1218 2625 nonnulla
1235 2562 1408 2645 repperisse

294 2671 468 2756 aptissimo,
491 2688 572 2754 quae
595 2674 837 2754 strategemeton
859 2669 1028 2754 generibus
1050 2667 1300 2752 subgererentnr.
1346 2666 1407 2732 His

294 2779 448 2863 exemplis
466 2777 642 2843 inserendis
660 2796 774 2862 corpus
793 2782 1042 2862 strategematon,
1064 2777 1202 2860 primum
1225 2794 1262 2839 ao
1283 2776 1406 2860 potissi·

294 2905 384 2950 mum
401 2885 546 2950 Frontini
565 2905 652 2970 opus,
674 2886 797 2969 putavit
815 2884 1032 2969 complendum
1052 2902 1129 2966 esse,
1152 2882 1238 2968 quod
1256 2887 1293 2946 ut
1310 2881 1406 2964 fieret,

295 2989 465 3056 Frontinus
485 2992 555 3075 ipse
570 2994 661 3076 qnasi
676 2992 858 3056 adhortatus
873 2996 939 3055 erat
954 2990 1005 3073 (ef.
1021 2990 1116 3074 praef.
1132 2987 1263 3073 libe-Il.
1301 2988 1405 3054 Etiam

295 3116 333 3162 ea
351 3097 506 3183 exempla,
525 3117 606 3183 quae
624 3119 643 3162 e
657 3098 762 3164 verbis
776 3098 869 3164 Idem
883 3095 959 3180 fecit
975 3098 1131 3182 incipiunt
1154 3098 1202 3179 (oi.
1216 3098 1246 3164 h.
1256 3116 1281 3162 o.
1298 3117 1347 3182 pg.
1365 3096 1407 3180 7),

296 3202 335 3268 ab
368 3204 476 3268 eodem
515 3207 561 3270 rei
600 3206 801 3291 complendae
837 3224 933 3270 eausa
963 3207 997 3268 in
1028 3207 1169 3290 margine
1201 3210 1308 3270 notata
1339 3223 1407 3268 esse

296 3317 437 3395 possunt
483 3309 685 3387 Quinetiam
709 3311 857 3378 subtilem
884 3312 971 3377 illam
999 3311 1232 3376 distinctionem
1260 3316 1408 3396 snotege·

295 3423 403 3482 maton
426 3424 457 3484 et
479 3419 673 3504 strategicon,
696 3439 778 3503 quae
801 3419 1006 3504 praefationis
1028 3418 1102 3482 libri
1124 3417 1149 3484 Ι.
1172 3418 1278 3483 verbis
1294 3416 1332 3484 si
1351 3418 1408 3501 qui

296 3529 420 3592 ersom.
442 3575 449 3592 .
470 3576 477 3593 .
499 3527 693 3612 posuimus
710 3528 896 3607 continetur,
918 3524 958 3588 ad
981 3523 1267 3609 praenuntiandum
1289 3524 1407 3590 librum

297 3640 445 3719 quartum
459 3634 499 3700 ab
514 3655 579 3700 uno
594 3634 767 3718 eodemque
776 3635 845 3698 viro
858 3634 1073 3718 interpositam
1086 3648 1156 3716 esse
1169 3631 1316 3696 contendi
1328 3631 1410 3696 lioet.

746 3937 957 3946 oman-u·-
