3062 4540
806 207 849 270 40

363 397 393 469 2.
416 401 536 469 Deinde
550 401 720 469 Frontinus
739 407 948 490 congruenter
962 423 1035 468 cum
1050 401 1181 469 Caesare
1195 405 1227 468 in
1243 405 1384 469 oratione

276 511 393 577 directo
406 511 619 576 accusativum
635 510 747 576 obiecti
762 509 924 576 nonnullis
939 509 1017 574 locis
1033 511 1145 594 omisit,
1158 510 1214 575 sed
1229 511 1383 595 exemplu,

276 636 357 702 quae
383 636 447 680 non
473 617 517 680 ite
542 617 643 680 multa
669 620 758 699 sunt,
789 617 899 682 offerre
925 635 1005 701 opus
1032 635 1096 680 non
1123 621 1182 700 est,
1211 636 1284 681 cum
1310 617 1383 681 talis

276 725 402 788 omissio
429 723 513 807 opud
539 741 647 787 omnes
674 724 840 806 scriptores
865 723 1048 808 pervulgato
1074 725 1122 788 sit
1167 722 1237 788 Hoc
1258 728 1383 787 tantum

276 847 498 912 commemoro,
531 827 652 893 Zechm.
681 827 724 894 St
747 829 787 892 V.
815 831 875 894 vol.
905 837 933 894 5.
960 850 1011 914 pg.
1036 835 1097 894 231
1131 830 1200 894 adn.
1228 829 1383 894 nonnullo

276 935 421 1020 exemplo
444 934 480 1016 (1.
500 939 529 1012 2,
553 939 587 1014 2;
611 941 640 1017 4,
664 941 692 999 5.
717 941 750 1016 83
776 940 826 1018 12,
850 941 884 1016 33
908 935 1013 1019 1112,
1040 936 1166 1016 1131v.
1189 943 1216 1019 1,
1239 943 1273 1016 83
1299 943 1328 1018 6,
1347 941 1381 1015 4;

277 1049 306 1125 7,
329 1049 381 1126 35,
404 1040 459 1125 37)
482 1039 637 1124 attulisse,
659 1045 696 1105 ut
718 1041 955 1123 demonstraret,
982 1047 1034 1106 str.
1057 1041 1112 1106 IV.
1137 1049 1166 1125 7,
1194 1049 1260 1108 341
1281 1040 1383 1107 Dede-

275 1148 373 1212 richio
395 1151 467 1212 ante
481 1165 590 1212 vocem
608 1147 820 1230 uiuendum
841 1149 1055 1212 accusativum
1070 1147 1183 1212 obiecti
1198 1169 1249 1215 ece
1266 1153 1383 1212 temere

276 1253 418 1318 additum
442 1271 519 1317 esse.
563 1251 670 1316 Etiam
692 1255 744 1317 etr.
767 1252 807 1316 II.
832 1258 868 1336 4,
892 1258 911 1316 4
939 1254 998 1337 uui
1019 1254 1185 1339 praesidio
1205 1254 1277 1338 [eu]
1299 1259 1383 1321 teue-

276 1361 367 1442 lmut,
404 1357 462 1424 ubi
494 1358 759 1424 Gundermunnus
790 1379 830 1426 eu
860 1358 992 1442 eddidit,
1027 1358 1148 1423 Zechm.
1181 1361 1381 1424 omissionem

277 1467 445 1532 accusativi
468 1463 614 1530 defendit

363 1569 393 1636 3.
420 1570 581 1637 Nonnulla
611 1571 709 1636 verba
739 1572 945 1654 intransitiva,
977 1571 1093 1657 quibus
1124 1573 1221 1638 enimi
1252 1572 1382 1637 affectus

276 1680 509 1765 exprimuntru,
531 1677 616 1762 apud
637 1676 824 1742 Frontinum
846 1682 883 1742 ut
905 1678 988 1762 opud
1010 1680 1174 1762 scn'ptcree
1202 1680 1382 1764 posterioris

276 1789 385 1853 ocutis
416 1804 489 1850 cum
519 1785 697 1849 accusativo
729 1785 971 1868 coniunguntur.
1025 1783 1248 1850 01111111
1277 1790 1310 1867 3,
1340 1789 1380 1850 13

276 1914 375 1976 quom
397 1889 665 1974 (multitudinem)
689 1895 902 1975 1111111111·
923 1889 981 1954 ΙΠ.
1005 1897 1034 1973 5,
1056 1896 1075 1954 2
1098 1890 1291 1958 oioidiouom
1312 1909 1383 1958 mou

275 2016 492 2084 marescum
512 1996 570 2060 HL
592 2002 642 2078 11,
666 2001 685 2061 2
705 1996 841 2083 quocum
859 1995 930 2062 belli
944 1995 1142 2064 iucmumcdo
1160 1997 1209 2082 (ci
1227 1995 1338 2081 Draeg.
1353 1995 1381 2064 1.

275 2125 324 2189 pg.
348 2111 425 2184 3603
451 2102 573 2167 Zechm
596 2122 645 2187 pg.
671 2103 753 2182 251).

363 2208 393 2276 4.
416 2209 490 2273 Alis
503 2209 599 2273 verbo
620 2209 817 2273 intransitive
838 2209 1002 2273 transitive
1020 2208 1157 2274 adhibito
1179 2213 1306 2275 exstent
1327 2213 1381 2275 str.

275 2315 331 2381 IV.
355 2323 389 2397 5,
417 2322 435 2378 6
459 2315 655 2398 desperasset
676 2314 902 2399 rempublicam
924 2317 979 2397 (sic
1007 2317 1070 2378 iarn
1097 2315 1179 2400 apud
1202 2314 1382 2381 Ciceronem

276 2428 307 2487 et
333 2421 484 2503 Livium);
511 2420 552 2485 IL
582 2427 636 2504 10,
664 2425 684 2485 2
712 2422 787 2504 quis
812 2421 918 2488 unitus
938 2442 1088 2508 uuquam
1114 2421 1299 2504 mansissem
1325 2420 1381 2486 IV.

279 2535 310 2610 1,
336 2534 373 2593 17
399 2549 451 2594 ecc
472 2547 604 2595 mouere
626 2527 820 2612 supplicium
841 2529 897 2609 (sio
920 2528 1003 2612 opud
1019 2527 1125 2612 Verg.,
1146 2527 1269 2610 Horat,
1292 2527 1381 2594 Ovid.

276 2636 314 2699 cf.
338 2654 363 2700 e.
385 2657 414 2720 g.
436 2633 530 2717 Verg.
554 2639 584 2717 7,
608 2641 671 2699 596
695 2639 724 2700 te
746 2633 835 2700 triste
856 2633 998 2701 mauebit
1019 2633 1225 2718 supplicium)
1231 2653 1243 2716 ;
1264 2632 1288 2698 1.
1308 2638 1337 2716 2,
1361 2637 1381 2698 2

271 2745 442 2825 penetrare
465 2740 579 2807 sivum
601 2740 796 2824 (plerumque
817 2758 891 2804 cum
912 2739 1034 2824 procu).

363 2849 521 2931 Adiungc‚
538 2845 670 2910 verbum
686 2847 887 2911 transitivum
901 2845 1000 2931 locere
1015 2865 1088 2910 cum
1103 2847 1229 2911 notione
1246 2850 1382 2930 proeter-

276 2953 409 3018 vehendi
422 2959 459 3018 ut
472 2951 556 3035 opud
565 2951 658 3035 Verg.
668 2957 700 3015 et
713 2950 801 3016 Oviol
816 2953 952 3016 inveniri
966 2956 1019 3016 str.
1029 2951 1053 3016 Ι.
1064 2957 1121 3035 4,7
1134 2973 1224 3020 orum
1233 2952 1380 3038 uquam.

364 3055 393 3124 5.
416 3057 598 3122 Accusativi
621 3056 730 3122 Graeci
757 3059 813 3141 qui
835 3063 979 3139 vocetur,
1005 3060 1026 3122 i.
1049 3077 1074 3122 e.
1099 3059 1270 3124 accusativi
1295 3077 1383 3124 more

277 3166 465 3230 Graecorum
496 3163 604 3248 scripti
634 3165 670 3227 iu
697 3163 837 3228 Frontini
869 3163 1014 3248 operibus
1045 3164 1169 3228 nullum
1200 3165 1381 3250 exemplum

275 3273 390 3336 inveni.
429 3269 490 3335 Sed
513 3269 665 3332 nonnulle
684 3274 810 3334 exstant
824 3271 975 3354 exempla,
998 3272 1031 3334 in
1051 3270 1166 3354 quibus
1184 3273 1383 3337 accusativus

140 3431 143 3438 .
276 3376 362 3444 uilu'l
399 3382 455 3441 ant
491 3375 637 3440 adiectivi
674 3378 816 3440 neutrius
851 3379 973 3460 generis
1005 3378 1132 3441 notione
1163 3375 1304 3442 adverbii
1335 3383 1383 3444 est
1466 3385 1469 3390 '

275 3485 394 3568 positus
425 3481 550 3566 (Draeg.
573 3480 598 3548 Ι.
625 3501 675 3566 pg.
700 3480 788 3556 3901.
842 3479 886 3545 cf.
914 3482 953 3546 de
984 3502 1054 3567 oqu
1079 3487 1113 3566 2,
1147 3489 1186 3548 13
1220 3489 1382 3566 quamtum

275 3592 332 3674 (=
353 3591 393 3657 iu
414 3589 463 3655 uel
484 3609 588 3671 usque
610 3588 653 3655 cut
676 3593 835 3670 quonium
859 3589 993 3672 cupium,
1021 3586 1097 3651 Ded.
1120 3610 1168 3673 pg.
1195 3589 1271 3674 148)
1297 3609 1383 3658 uuu-

168 3693 172 3701 “
277 3717 422 3780 quaeque
451 3715 615 3778 uquarum
641 3694 776 3776 servium
808 3700 859 3778 34,
883 3700 922 3758 21
952 3715 1095 3778 quorum
1121 3695 1270 3779 splendor
1296 3695 1383 3763 mihil

276 3807 336 3871 out
356 3801 529 3869 minimum
545 3801 662 3886 pluuia
683 3801 893 3884 imquiuatur.

363 3904 393 3972 o.
417 3907 517 3972 Paulo
539 3907 641 3972 fusius
659 3907 699 3972 de
718 3907 886 3972 verborum
904 3909 1185 3993 intransitivorum,
1209 3929 1289 3994 quae
1308 3929 1382 3976 cum

276 4013 555 4102 praepositionibus
586 4015 643 4096 ud,
675 4015 727 4095 iu,
760 4013 893 4095 circum,
926 4035 978 4096 eu,
1010 4036 1093 4100 proc
1123 4021 1179 4083 eto.
1211 4019 1382 4101 composito
