3062 4540
662 241 704 305 19

577 330 788 342 u--u--u—n-

433 472 498 552 111.
532 471 589 552 De
615 471 936 571 pronominibus.

221 641 250 710 l.
272 645 448 711 Pmncmen
469 648 681 730 possessivum
703 669 783 714 satus
797 647 999 712 Woelfflinus
1020 666 1070 731 pg.
1094 646 1135 710 90
1158 663 1232 710 cum

133 751 293 816 vocabulis
315 753 530 836 cognationem
547 752 796 836 significantibus
818 753 918 835 (velut
930 751 1052 837 frater,
1067 750 1176 836 filius)
1197 753 1232 816 in

132 855 212 921 libro
234 863 318 922 stret
342 863 452 941 quarto
474 858 676 923 coniunctum
703 877 771 924 esse
793 861 884 924 etiam
907 861 946 923 iis
967 859 1044 923 locis
1066 857 1233 941 contendit,

133 962 249 1046 quibus
291 982 356 1027 non
400 965 517 1028 maiore
556 967 733 1030 sententiae
776 967 809 1029 vi
854 965 1007 1029 efferatur.
1065 963 1127 1030 Sed
1169 965 1233 1028 iam

132 1067 274 1133 Fritaeus
304 1089 353 1153 pg.
381 1069 423 1133 30
454 1069 504 1134 his
534 1070 611 1135 locis
641 1089 812 1156 pronomen
838 1091 917 1137 suros
944 1089 1006 1134 non
1040 1072 1108 1136 sina
1140 1087 1234 1134 causa

133 1175 309 1258 appositum
325 1193 392 1240 esse
412 1175 643 1240 demonstravit
681 1178 787 1260 Atque
807 1195 848 1241 ex
869 1177 945 1240 locis
968 1176 1007 1240 ab
1025 1175 1234 1241 Estemauxio

109 1299 183 1364 pg.
208 1281 246 1343 11
271 1281 384 1364 allatis,
411 1281 527 1366 quibus
552 1282 607 1346 illa
633 1284 849 1367 cognationem
876 1281 1085 1366 significantia
1107 1283 1234 1345 nomina

9 1402 11 1406 ’
132 1385 326 1469 invenimus,
344 1388 436 1472 plane
451 1388 592 1470 efficitur,
611 1395 647 1452 ut
661 1389 735 1453 libri
749 1394 812 1453 tres
826 1390 945 1474 priores
963 1393 995 1453 et
1012 1387 1091 1453 liber
1106 1392 1235 1472 quartus
1339 1429 1340 1434 κ

132 1492 166 1554 in
188 1491 248 1556 hoc
268 1513 331 1557 usu
352 1496 544 1578 pronominis
566 1495 733 1580 possessivi
755 1516 834 1562 suus
856 1496 982 1560 omnino
1002 1514 1064 1559 non
1084 1493 1234 1559 differunt

132 1596 213 1662 Nam
235 1600 268 1662 in
290 1599 379 1664 libris
401 1599 518 1664 Ι-ΠΙ
544 1601 584 1664 ad
606 1601 662 1665 illa
686 1603 816 1665 nomina
837 1619 1008 1686 pronomen
1030 1620 1110 1668 suus
1130 1599 1235 1682 semel,

132 1704 167 1766 in
187 1703 267 1768 libro
281 1704 336 1770 IV.
352 1705 401 1770 bis
423 1705 467 1792 (et
490 1708 617 1790 quidem
639 1726 697 1771 suo
719 1708 799 1789 iure)
823 1709 999 1792 appositum
1014 1711 1073 1789 est,
1095 1707 1129 1770 in
1148 1705 1235 1772 libris

132 1807 249 1874 Ι-ΙΠ
271 1832 351 1878 saus
372 1817 427 1889 ter,
450 1814 483 1876 in
505 1812 584 1876 libro
606 1811 661 1877 IV.
684 1815 786 1877 sexies
809 1813 901 1878 deest
947 1812 1015 1876 Iam
1037 1831 1111 1876 vero
1131 1811 1236 1876 lister·

133 1918 270 1982 nauxius
306 1938 355 2002 pg.
389 1918 428 1981 11
469 1918 671 2002 demonstrat,
708 1920 771 1982 alia
808 1937 934 2002 quoque
970 1917 1167 1983 substantiva
1202 1920 1235 1982 in

134 2021 281 2087 omnibus
302 2027 449 2108 quattuor
467 2023 556 2088 libris
574 2044 648 2089 cum
665 2025 849 2109 pronomine
867 2025 1041 2109 possessivo
1063 2045 1143 2091 saus
1164 2043 1237 2088 ocn-

132 2128 240 2192 iunota
253 2148 329 2212 esse,
342 2130 397 2195 ubi
412 2150 505 2195 causa
518 2150 583 2195 non
596 2132 646 2214 sit,
663 2136 700 2195 ut
712 2149 753 2195 ne
767 2135 924 2195 auctorem
944 2131 1071 2215 quidem
1084 2129 1236 2194 librorum

132 2231 251 2298 Ι-ΙΠ
278 2236 406 2300 meliore
433 2237 556 2301 dicendi
579 2237 805 2301 consuetudine
831 2256 925 2301 usum
952 2255 1019 2301 esse
1048 2255 1142 2320 quam
1164 2234 1237 2299 libri

134 2342 237 2424 quarti
252 2342 399 2407 contendi
413 2342 512 2408 liceat
548 2342 610 2408 Hic
624 2341 751 2407 liberior
768 2362 845 2408 usus
861 2343 1052 2426 pronominis
1071 2341 1237 2426 possessivi

133 2467 226 2528 suus,
265 2467 358 2531 quem
396 2449 548 2534 exemplis
586 2468 712 2532 quoque
749 2467 791 2513 ex
827 2448 897 2512 libr.
931 2449 970 2513 de
1006 2450 1097 2532 aquis
1133 2449 1237 2532 petitis

133 2553 334 2639 comprobare
359 2573 486 2642 possum
513 2555 562 2639 (ci.
585 2573 610 2619 a.
632 2575 662 2638 g.
686 2556 741 2637 28,
769 2555 824 2634 27;
854 2556 909 2635 33,
936 2556 993 2634 243
1021 2554 1157 2637 34,12;
1186 2553 1238 2635 37,

135 2660 176 2723 17
204 2660 263 2743 al),
294 2649 367 2725 non'
385 2665 431 2726 est
457 2663 642 2744 scriptorum
668 2679 780 2725 aureae
807 2661 927 2741 aetatis,
958 2660 1013 2724 sed
1039 2659 1240 2724 increbrescit

133 2765 219 2850 apud
245 2767 391 2851 aequales
417 2766 573 2849 Frontini,
600 2768 760 2831 invenitur
785 2774 890 2832 autem
921 2768 985 2830 iam
1007 2767 1131 2851 saepius
1154 2765 1238 2849 apud

131 2871 291 2936 Velleium
318 2878 350 2937 et
375 2874 516 2957 inprimis
547 2875 581 2937 in
609 2874 732 2957 scriptis
758 2872 847 2937 Corn.
874 2871 1017 2957 Nepotis,
1050 2872 1136 2956 quod
1163 2872 1240 2936 dicit

133 2977 398 3044 Gundermannus
419 2979 439 3042 1.
462 2998 487 3042 c.
510 2999 559 3063 pg.
584 2981 655 3043 324.
1334 2968 1335 2972 ’

222 3080 252 3150 2.
274 3083 476 3149 Woelfflinus
503 3105 552 3169 pg.
578 3085 618 3149 76
642 3085 728 3166 dicit,
755 3084 915 3148 nonnullis
942 3084 1019 3148 locis
1046 3103 1066 3148 a
1087 3082 1238 3148 Frontino

132 3209 305 3277 pronomen
326 3191 357 3257 is
377 3197 563 3276 usurpatum
586 3209 666 3274 esse,
692 3189 748 3254 ubi
774 3209 831 3254 nos
854 3190 1021 3253 articulum
1043 3189 1240 3253 indefinitum

132 3316 250 3382 ponere
275 3297 439 3362 soleamus.
489 3295 558 3372 Quo
584 3299 741 3382 pertinent
766 3296 842 3359 haec
869 3295 1025 3378 exempla:
1055 3300 1139 3358 strat
1162 3293 1186 3358 J,
1211 3295 1240 3376 5,

134 3404 178 3467 10
205 3404 244 3470 ia
270 3425 342 3470 eum
368 3403 470 3470 boum
491 3403 686 3487 conpulsum
713 3403 746 3484 5,
773 3403 814 3464 21
843 3400 984 3468 obsessus
1006 3421 1044 3468 eu
1061 3405 1172 3484 purie;
1197 3399 1239 3466 Π.

134 3513 169 3594 5,
193 3510 213 3574 6
236 3510 275 3578 ia
297 3511 343 3577 cis
365 3510 500 3594 cumpis;
528 3512 560 3592 5,
589 3511 629 3573 13
652 3510 691 3575 ia
713 3509 759 3575 eis
781 3508 864 3575 locis.
915 3506 973 3572 Str.
996 3507 1020 3572 L
1046 3509 1101 3590 11,
1127 3510 1149 3569 4
1172 3506 1241 3573 eius

17 3639 19 3702 ζ
133 3637 200 3683 esse
222 3615 391 3698 libertatis
417 3615 458 3680 11.
483 3617 516 3698 5,
544 3615 585 3679 39
609 3637 643 3682 eo
665 3615 798 3682 valuere
821 3612 947 3697 adfecit.
993 3613 1114 3678 Iniuria
1136 3618 1239 3676 autem

18 3719 20 3754 ¹
132 3721 337 3786 Woelfflinus
367 3723 402 3786 in
433 3723 492 3786 hoc
521 3723 713 3807 pronominis
749 3741 811 3786 usu
841 3720 936 3784 libros
968 3725 1029 3785 tres
1060 3721 1178 3804 priores
1209 3723 1241 3781 et

20 3841 22 3896 i
133 3833 283 3913 quartum
309 3829 425 3894 librum
455 3830 536 3892 inter
566 3848 599 3892 se
627 3827 750 3892 diffeme
775 3831 878 3910 putet,
909 3845 982 3890 eum
1013 3827 1046 3888 in
1078 3823 1158 3887 libro
1185 3822 1240 3887 IV.

132 3935 316 3999 huiusmodi
338 3935 518 4019 exemplum
540 3953 603 4006 non
630 3936 816 3997 inveniatur.
861 3931 943 3996 Nam
969 3933 1107 4016 primum
1134 3948 1241 3993 exem·

134 4041 261 4126 plorum
284 4041 413 4104 illorum
439 4058 590 4105 numerus
621 4059 686 4104 non
713 4045 760 4105 est
790 4039 866 4104 satis
893 4057 1039 4122 magnus,
1067 4035 1179 4100 deinde
1205 4035 1239 4098 in

1080 4156 1113 4198 2⁸
