3062 4540
833 183 853 242 8

293 375 523 461 antiquioribus
561 379 801 460 stratagematon
839 373 1073 438 collectionibus
1110 383 1204 438 usum
1243 383 1325 451 esse;
1363 373 1397 436 id

293 482 397 568 colligi
410 481 501 546 licere
516 500 558 546 ex
573 499 619 564 eo,
635 481 720 565 quod
735 480 999 546 Gundermannus
1014 499 1077 544 uno
1092 479 1160 544 loce
1176 477 1397 559 observaverit,

293 587 466 672 complures
488 587 632 652 historias
655 606 674 650 a
696 585 844 650 Frontino
872 586 981 650 ecdem
1008 585 1119 650 ordine
1142 585 1305 669 dispositas
1329 603 1396 650 esse

293 713 355 778 quo
365 693 448 780 apud
459 692 618 758 Valerium
627 691 811 758 Maximum.
835 691 996 756 Similibus
1009 709 1051 756 ex
1065 691 1168 756 causis
1182 691 1397 774 demonstrari,
1514 705 1515 782 p

292 801 386 865 talem
407 799 562 869 dictorum
580 817 706 882 quoque
724 797 938 862 collectionem
955 798 1150 882 imperatoris
1164 799 1303 883 Augusti
1320 803 1397 862 tem·
1514 823 1515 856 t

293 906 422 990 poribus
439 906 604 971 exstitisse.
649 903 684 970 si
702 909 807 969 autem
824 903 902 969 tales
919 903 1114 968 collectiones
1128 903 1192 968 iam
1214 904 1397 984 exstiterint,

292 1011 535 1096 intellegendum
557 1029 620 1075 non
644 1025 720 1093 csse,
742 1029 799 1075 eur
823 1011 853 1074 ei
875 1010 1025 1096 scriptori,
1048 1011 1104 1094 qui
1125 1010 1207 1074 sicut
1228 1008 1396 1074 Frontinus

292 1138 408 1184 novam
444 1116 659 1182 collectionem
698 1121 940 1200 strategematon
980 1117 1015 1180 in
1054 1114 1216 1201 publicum
1257 1116 1396 1197 ediderit,

292 1225 448 1310 exempla,
475 1241 556 1308 quae
582 1243 602 1287 a
627 1222 731 1286 verbis
757 1221 851 1288 Idem
869 1221 953 1306 fecit
979 1223 1142 1307 incipiant,
1174 1223 1305 1286 adiicere
1331 1240 1395 1286 non
1514 1245 1515 1254 ¹

292 1333 422 1413 licuerit,
445 1330 529 1415 quod
550 1330 667 1394 lactum
690 1347 758 1394 esse
779 1328 819 1392 ab
834 1329 967 1394 Aeliano
985 1327 1171 1393 confirmari.
1206 1327 1270 1394 Sed
1287 1333 1395 1392 utrum

293 1456 428 1522 eaquae
450 1437 589 1501 diximus
608 1435 756 1518 exempla,
770 1435 810 1500 ad
830 1433 1016 1500 Frontinum
1036 1435 1196 1500 referenda
1211 1436 1274 1500 sint
1288 1453 1395 1515 necne,

292 1545 327 1610 in
362 1543 465 1609 medic
501 1542 691 1626 relinquam,
727 1560 800 1606 cum
827 1542 957 1606 minoris
993 1541 1048 1606 illa
1083 1543 1233 1606 momenti
1264 1541 1332 1625 sint
1355 1540 1395 1604 ad

292 1648 441 1733 loquendi
459 1649 716 1714 consuetudinem
734 1645 1002 1732 comprobandam.
1034 1646 1114 1712 Tum
1132 1652 1237 1712 autem
1253 1646 1394 1712 Gunder·

292 1774 428 1820 mannus
465 1755 618 1820 nonnulla
654 1754 796 1838 exempla
832 1755 932 1836 affert,
964 1773 1046 1839 quae
1080 1754 1130 1819 bis
1165 1755 1278 1819 madito
1312 1758 1394 1835 sunt,

292 1864 430 1948 primum
448 1881 493 1942 ea,
516 1860 631 1945 quibus
648 1861 756 1945 paucis
774 1861 902 1950 mutatis
919 1860 1028 1926 eadem
1045 1879 1095 1926 res
1112 1865 1264 1942 narretur,
1282 1859 1394 1925 deinde

259 1995 262 1999 ·
293 1987 339 2047 ea,
361 1987 442 2053 quae
464 1967 582 2032 eisdem
603 1967 706 2031 verbis
729 1967 825 2032 altero
843 1967 910 2030 loco
929 1968 1059 2051 repetita
1076 1972 1158 2032 sunt.
1195 1965 1393 2051 Quamquam

292 2073 475 2140 Frontinum
501 2073 652 2154 fontibus,
688 2091 729 2138 ex
761 2072 877 2156 quibus
904 2073 1021 2154 hausit,
1053 2075 1134 2137 mira
1161 2073 1297 2157 quadam
1325 2072 1394 2136 dili·

291 2183 397 2266 gentia
418 2199 513 2244 usum
539 2198 607 2246 esse
634 2179 853 2264 cognovimus,
880 2183 987 2244 tamen
1013 2178 1103 2244 facile
1128 2178 1197 2243 fieri
1223 2179 1336 2264 potuit,
1357 2183 1395 2243 ut
1514 2195 1515 2204 ³

292 2286 461 2352 Frontinus
487 2285 687 2350 multitudine
713 2284 926 2364 historiarum,
954 2303 1034 2368 quae
1055 2291 1236 2368 narrantur,
1257 2287 1339 2350 inter
1360 2303 1395 2350 se

292 2394 442 2458 similium
472 2393 621 2458 confusus
652 2391 806 2455 nonnulla
838 2391 981 2476 exempla
1013 2391 1184 2458 identidem
1214 2393 1249 2456 iu
1279 2410 1392 2476 corpus

292 2504 530 2584 strategematum
556 2499 711 2582 reciperet
756 2496 868 2581 Itaque
894 2517 966 2562 cnm
994 2497 1116 2562 Bauero
1143 2499 1162 2563 l.
1186 2519 1210 2562 c
1234 2517 1298 2562 non
1325 2516 1393 2562 esse
1514 2523 1515 2528 ¹

292 2608 451 2690 existim0,
473 2625 530 2670 cur
551 2605 696 2689 exempla
718 2623 768 2686 ea,
796 2602 912 2688 quibus
933 2605 1041 2688 paucis
1063 2605 1192 2669 mutatis
1214 2603 1322 2669 eadem
1343 2623 1393 2668 res

291 2716 449 2794 narretur,
471 2713 619 2776 alterutro
641 2711 709 2774 loco
732 2715 963 2790 removeantur,
985 2712 1168 2795 praesertim
1194 2729 1267 2774 curn
1293 2730 1393 2774 unum

290 2818 437 2902 idemque
463 2819 641 2902 exemplum
668 2817 800 2880 diversis
823 2816 1022 2882 consiliorum
1049 2815 1217 2900 generibus
1243 2815 1394 2900 subiungi
1514 2847 1515 2850 ¹

290 2925 433 3008 potuerit.
487 2922 547 2988 Sed
575 2922 701 2986 concedi
716 2923 800 2986 licet
826 2941 863 2986 ea
890 2925 1046 3007 exempla,
1075 2943 1157 3008 quae
1184 2923 1301 2988 eisdem
1327 2923 1392 2988 fere

290 3029 395 3094 verbis
416 3030 548 3114 repetita
565 3034 648 3110 sunt,
671 3048 734 3092 uno
753 3028 888 3092 alterove
906 3029 973 3093 loco
992 3031 1108 3094 inserta
1126 3048 1203 3095 esse.
1239 3028 1393 3114 Exempla

292 3154 372 3219 quae
393 3133 515 3200 duobus
534 3135 611 3198 locis
629 3139 761 3213 exstant,
779 3133 856 3198 haec
875 3140 963 3198 sunt:
984 3140 1035 3200 str.
1051 3135 1076 3201 Ι.
1097 3137 1180 3218 1,11
1199 3165 1240 3200 .=
1255 3135 1280 3201 I.
1298 3137 1392 3218 5,13‚

292 3241 377 3326 quod
399 3241 577 3324 exemplum
600 3259 692 3305 suum
716 3240 818 3304 locum
842 3238 979 3306 obtinere
1001 3246 1052 3306 str.
1070 3241 1093 3308 1.
1111 3243 1183 3324 5,13
1206 3247 1288 3306 recte
1310 3241 1392 3306 iudi·

291 3348 373 3412 cavit
404 3345 666 3410 Gundermannus
701 3345 748 3426 (ct.
782 3352 901 3429 quaest.
932 3367 982 3432 pg.
1016 3349 1104 3428 329);
1141 3353 1210 3412 turn
1245 3348 1393 3432 leguntur

291 3458 343 3518 str.
361 3450 402 3516 11.
421 3453 451 3532 4,
466 3451 631 3518 15=IV.
652 3452 681 3533 7,
694 3452 736 3514 40
755 3455 786 3515 et
800 3450 840 3516 Π.
861 3453 890 3535 4,
907 3452 1075 3516 16=1v.
1097 3453 1124 3534 7,
1139 3455 1190 3517 41.
1212 3452 1391 3518 Woelfflino

291 3557 343 3640 (ci.
365 3577 413 3642 pg.
439 3555 497 3641 74)
524 3562 555 3622 et
582 3556 826 3621 Gundermanno
857 3557 912 3642 (ci.
935 3578 983 3643 pg.
1009 3559 1104 3641 327),
1136 3560 1192 3644 qui
1222 3560 1298 3625 haec
1329 3560 1391 3626 duo

290 3663 434 3748 exempla
448 3667 549 3747 quarti
562 3663 636 3728 libri
651 3664 794 3749 scriptori
805 3681 874 3728 esse
885 3663 1082 3729 attribuenda
1093 3664 1391 3747 demonstraverunt,

290 3770 454 3851 assentior,
490 3789 679 3853 quamquam
716 3774 899 3854 argumenta
936 3790 1017 3856 quae
1044 3770 1244 3837 Woelfflinus
1280 3774 1391 3856 attulit,

206 3872 208 3880 ’
290 3877 367 3940 mihi
388 3895 452 3940 non
475 3878 581 3940 omnia
603 3877 775 3960 probantur
797 3877 847 3962 (cf.
871 3876 991 3942 tristem,
1014 3897 1063 3962 pg.
1090 3878 1144 3960 10,
1169 3879 1223 3962 14,
1249 3880 1288 3942 15
1312 3880 1391 3962 adn,

292 3983 333 4050 18
364 3979 452 4070 sqq).
506 3981 670 4048 Praeterea
700 3982 905 4048 inveniuntur
934 3986 986 4046 str.
1014 3981 1039 4050 L
1069 3983 1140 4066 5,12
1168 4011 1212 4040 =
1238 3983 1292 4049 IV.
1325 3987 1389 4067 s,8;
