3062 4540
815 221 857 283 34

729 309 940 320 ——-—-——·

282 411 403 476 Zechm.
427 409 469 478 st.
485 411 579 475 Vind.
603 413 662 476 vol.
686 420 714 477 5.
730 434 780 497 pg.
798 418 860 478 238
884 413 1069 480 observavit.
1115 412 1346 496 castratae,
1366 420 1382 479 7

282 520 385 584 decem
406 517 497 584 milia
515 517 673 584 Boiorum
699 519 879 602 imminere,
908 540 1026 602 eaque
1050 568 1057 585 .
1078 568 1086 584 .
1106 568 1114 584 .
1135 569 1142 585 .
1166 518 1387 602 mrcumfmdit;

281 622 321 687 Π.
350 629 383 705 3,
412 628 450 687 21
480 625 569 706 apud
596 622 765 691 Romanos
790 625 935 708 quiaque
964 625 1057 691 milia
1088 625 1269 694 desiderata
1294 632 1387 709 suat·

281 730 336 796 IV.
361 736 389 812 2,
413 737 431 794 8
457 731 710 813 quattuordecim
731 730 824 798 milia
847 781 855 796 .
881 783 886 796 .
913 780 921 796 .
944 731 1122 798 incolumia
1144 753 1272 800 reversa
1294 739 1387 814 sunm

282 857 378 918 quam
409 836 449 899 ob
478 839 739 901 constructionem
771 835 811 900 ab
844 837 1014 901 editoribus
1045 843 1128 902 recte
1160 841 1310 923 scriptum
1341 847 1388 904 est

281 942 335 1006 IV.
365 949 398 1025 2,
426 949 443 1008 7
474 948 600 1010 centum
626 943 719 1011 arilia
740 943 863 1028 proelio
895 947 1046 1027 superato
1074 943 1120 1026 (H
1146 943 1273 1029 praebet
1299 967 1388 1030 supe

281 1049 360 1132 rati)
384 1054 470 1116 snat.
966 1062 968 1066 ·

369 1154 478 1219 Unum
516 1156 698 1240 exemplum
738 1157 897 1221 mentione
935 1156 1067 1241 dignum
1105 1161 1162 1240 est,
1200 1176 1263 1241 quo
1300 1159 1386 1221 notio

281 1261 442 1326 collectiva
468 1262 622 1345 singulari
653 1268 803 1346 usurpata
834 1263 874 1326 ed
905 1283 1013 1327 vocem
1046 1267 1079 1327 in
1110 1264 1222 1347 plurali
1253 1265 1387 1348 positam

281 1368 400 1432 adiecta
422 1372 481 1432 est:
506 1373 557 1431 str.
581 1367 621 1432 IL
645 1375 674 1450 3,
700 1374 715 1431 1
743 1367 896 1452 Hispani,
920 1369 1071 1436 sobrietas
1092 1370 1190 1436 miles.

369 1469 398 1537 2.
421 1473 563 1538 Verbum
585 1474 763 1558 praedicati,
784 1474 841 1538 ubi
864 1477 1038 1561 complures
1065 1483 1168 1560 partes
1195 1475 1386 1540 subiectivae

281 1584 312 1644 in
337 1581 498 1644 enuntiato
521 1585 652 1658 exstant,
675 1600 748 1644 cum
771 1586 910 1646 extrema
931 1587 1018 1666 parte
1044 1581 1218 1647 subiectiva
1244 1585 1387 1666 congruit

281 1689 329 1763 tcl.
355 1684 464 1770 Draeg.
483 1685 507 1750 Ι.
523 1707 572 1770 pg.
591 1689 663 1766 177)
686 1705 751 1750 uno
773 1687 856 1750 loco}
881 1687 920 1752 de
939 1708 1009 1771 aqu.
1030 1694 1137 1770 33,19
1162 1689 1277 1770 quibas
1294 1711 1387 1756 nanc

279 1793 389 1877 piures
416 1814 521 1876 aquae
548 1797 578 1859 et
603 1793 755 1876 inprimis
782 1793 910 1861 Marcia
941 1795 1068 1860 reddita
1091 1843 1099 1859 .
1123 1845 1130 1860 .
1155 1844 1163 1860 .
1184 1795 1384 1878 perducitur.

368 1895 398 1962 3.
414 1899 571 1962 Pluralem
588 1918 756 1962 numerum
776 1919 795 1962 a
812 1900 973 1983 particulis
991 1900 1190 1964 disiunctivis
1203 1922 1260 1967 sea
1274 1923 1387 1968 —sea

281 2006 468 2090 pendentem
494 2005 595 2070 facere
623 2005 809 2069 Frontinum
835 2025 900 2070 uno
931 2007 1014 2088 loco,
1045 2007 1108 2068 iam
1135 2006 1210 2068 dicit
1235 2005 1347 2090 Draeg.
1370 2007 1386 2070 I

281 2133 329 2197 pg.
356 2118 426 2178 178.
473 2110 518 2177 cf.
541 2113 580 2175 de
603 2131 673 2194 aqu.
700 2117 731 2194 1,
755 2117 774 2175 2
798 2131 843 2195 sq.
870 2133 942 2178 cam
965 2161 972 2176 .
998 2161 1004 2176 .
1030 2161 1037 2176 .
1065 2133 1113 2178 me
1139 2133 1195 2178 seis
1221 2113 1387 2180 nataralia

281 2219 458 2285 sollicitudo
480 2239 537 2284 sea
550 2217 637 2300 fides
659 2217 770 2284 sedala
786 2267 793 2280 .
809 2269 816 2285 .
834 2267 841 2283 .
860 2219 1025 2304 iastipeni.
1071 2217 1191 2282 Eodem
1217 2219 1284 2282 loco
1311 2220 1386 2283 dicit

282 2324 391 2409 Draeg.
414 2343 580 2388 numerum
602 2324 754 2407 pluralem
772 2345 791 2388 a
808 2326 969 2408 particulis
993 2330 1058 2392 tam
1075 2346 1230 2407 —qnam
1251 2326 1386 2409 pendere

282 2434 320 2496 de
342 2452 413 2516 aqu.
439 2437 489 2513 49,
513 2430 578 2517 2l3‚
601 2429 657 2493 ubi
679 2429 773 2493 editio
795 2433 938 2515 princeps
961 2429 1127 2495 exhibebat
1150 2434 1215 2497 tom
1237 2453 1289 2498 res
1305 2431 1386 2515 pua

282 2537 343 2605 lica
375 2560 472 2620 qaam
503 2539 635 2621 pacata
672 2534 825 2603 baberent
862 2537 1007 2620 (parblicc
1044 2557 1141 2620 qaam
1173 2537 1307 2620 priamo
1338 2537 1385 2618 0).

282 2643 453 2708 Buecheler
475 2649 579 2706 autem
603 2644 682 2706 hanc
709 2642 872 2707 mannam
899 2643 1032 2706 mutavit
1057 2643 1088 2704 in
1117 2641 1293 2725 respublica
1317 2644 1386 2727 pii·

282 2751 409 2833 vatique
423 2749 584 2825 haberent,
608 2748 661 2812 sed
680 2749 810 2814 fortasse
828 2749 942 2814 melius
960 2747 1106 2813 scribitur
1124 2769 1190 2833 qua
1209 2749 1386 2835 respzablicc

283 2877 347 2939 pao
365 2856 489 2942 privati
511 2853 673 2922 liabereai.

605 3103 651 3181 11.
687 3101 744 3182 De
771 3102 902 3201 ellipsi
927 3102 1059 3183 verbi.

370 3277 447 3342 Cum
479 3276 649 3342 Frontinus
681 3277 832 3342 brevitate
863 3277 998 3362 quadam
1030 3279 1212 3342 elocutionis
1244 3280 1383 3362 excellat,

282 3404 345 3450 non
368 3385 484 3448 mirum
507 3389 596 3466 esset,
619 3386 644 3448 si
668 3373 789 3468 ellipses
811 3384 929 3448 multae
950 3386 983 3448 in
1002 3387 1070 3448 eius
1088 3386 1210 3468 scriptis
1228 3386 1383 3452 invenire·

282 3511 360 3556 mus.
406 3490 466 3554 Sed
494 3493 624 3574 excepto
651 3489 746 3554 verbo
773 3489 967 3554 substantivo
994 3491 1055 3556 alia
1080 3490 1176 3556 verba
1202 3511 1263 3556 non
1292 3510 1384 3578 saepe

282 3600 474 3664 omittuntur.
521 3595 564 3661 Cf.

370 3701 398 3766 l.
422 3703 460 3766 de
483 3722 553 3786 aqu.
579 3709 607 3784 8,
633 3708 673 3766 14
696 3725 734 3769 ex
756 3724 790 3770 eo
813 3701 890 3786 (scil.
914 3703 1044 3770 diruitur
1066 3704 1116 3768 vel
1138 3704 1255 3786 accim
1285 3711 1339 3789 12,
1362 3713 1380 3772 8

282 3813 358 3880 dein
383 3809 509 3878 Marcia
533 3810 610 3894 (scil.
633 3811 780 3892 saqriitar
801 3830 873 3872 nam
897 3814 943 3874 est
964 3810 1022 3873 hoc
1043 3809 1111 3872 loco
1138 3829 1201 3872 non
1224 3810 1381 3894 quadrat);

283 3925 334 4002 42,
358 3924 397 3984 25
422 3939 520 4002 otram
548 3938 586 3982 aar
613 3936 676 3998 qao
703 3917 780 3994 (scil.
807 3937 877 3983 com
903 3917 978 3983 daci
1004 3920 1156 4000 oportere,
1186 3935 1265 4000 quae
1287 3917 1383 3982 verba

283 4027 456 4112 supplenda
482 4030 556 4089 sunt
583 4043 623 4088 ex
651 4025 802 4088 sententia
829 4024 973 4108 negativa
1000 4023 1217 4110 subsequenti)
1245 4023 1382 4107 epistula
