3062 4540
24 577 26 730 l

569 179 575 190 ’
661 230 724 292 109

139 423 208 487 libr.
232 423 288 488 IV.
311 424 458 509 etipse),
486 444 528 489 ex
550 423 695 490 Frontini
721 426 820 510 ipsius
848 441 940 511 opere
963 427 1108 511 exempla
1130 426 1247 492 eisdem

133 530 197 595 fere
219 529 325 596 verbis
348 549 497 616 expressa
513 533 547 596 in
566 551 660 596 suum
679 533 868 616 opusculum
886 533 1087 618 transtulerit,
1110 532 1144 596 id
1163 532 1248 616 quod

134 642 293 702 auctorem
319 637 393 702 libri
419 637 476 704 IV.
498 639 527 702 si
553 657 619 703 non
646 639 751 720 studio
778 639 921 723 fallendi,
949 646 981 704 at
1007 645 1090 706 certe
1117 639 1248 704 stultitia

133 743 260 828 fecisse,
291 747 335 810 ita
366 751 402 810 ut
433 747 572 830 repetitis
603 746 721 812 eisdem
753 745 907 832 exemplis
938 749 1074 831 speciem
1106 745 1248 811 eiusdem

134 854 270 917 auctoris
279 852 449 936 praeberet,
459 852 724 919 Gundermannus
733 853 906 919 crediderat
915 854 964 938 (ci.
975 859 1092 940 quaest.
1103 873 1152 939 pg.
1164 855 1247 934 329).

23 965 24 980 ¹
133 958 276 1024 Fritzeus
303 965 408 1025 autem
437 960 483 1042 toi.
506 960 526 1024 l.
549 980 574 1024 o.
598 980 647 1046 pg.
674 963 725 1041 12)
752 968 785 1026 et
810 961 1041 1026 Esternauxius
1070 961 1116 1044 (ol.
1140 981 1189 1046 pg.
1215 960 1248 1045 7)
1296 1009 1300 1016 -

132 1065 331 1151 praelationis
362 1066 435 1132 libri
466 1067 522 1132 IV.
553 1067 651 1132 verba
683 1073 712 1134 ct
742 1069 824 1153 ipse,
859 1067 975 1153 quibus
1011 1067 1158 1132 falsarius
1193 1068 1248 1132 ille

133 1193 245 1258 parum
267 1178 359 1239 ceute
380 1175 537 1240 indicasse
552 1175 676 1258 dicitur,
699 1195 732 1240 se
755 1195 819 1240 non
842 1175 978 1241 eundem
1001 1180 1162 1240 auctorem
1179 1193 1248 1240 esse

134 1285 230 1365 atque
251 1282 392 1366 priorum
414 1281 567 1346 librorum
592 1284 782 1368 scriptorem,
803 1285 874 1348 iure
896 1282 1143 1348 emendaverunt
1164 1284 1199 1346 in
1219 1287 1249 1348 et

133 1388 220 1472 ipsu,
249 1388 394 1472 exempla
420 1394 526 1454 autem
553 1388 622 1452 libr.
647 1388 788 1472 1-111.,
812 1409 893 1475 quae
915 1391 1035 1456 eisdem
1057 1389 1122 1455 fere
1143 1389 1248 1455 verbis

133 1495 272 1580 repetitis
294 1497 328 1560 in
350 1494 432 1559 libro
455 1495 510 1564 IV.
533 1496 648 1560 iterum
670 1497 831 1581 leguntur,
858 1498 1008 1583 pleraque
1030 1498 1065 1562 in
1087 1496 1168 1561 libro
1190 1495 1247 1564 IV.

133 1620 228 1666 suum
250 1600 355 1666 locum
379 1601 521 1666 obtinent
543 1603 594 1684 (cf.
614 1604 643 1670 h.
664 1623 688 1668 o.
714 1624 762 1688 pg.
786 1601 888 1688 ello).
935 1603 1024 1681 Quae
1047 1605 1075 1668 si
1096 1605 1141 1668 itu
1163 1609 1247 1688 sunt,

133 1709 224 1773 iacile
247 1709 397 1795 explicari
419 1715 535 1793 potest,
563 1731 627 1794 qua
649 1711 769 1776 ratione
792 1717 823 1776 et
844 1711 917 1776 libri
943 1717 1007 1776 tres
1029 1713 1148 1797 priores
1170 1718 1247 1776 stra·

21 1845 22 1848 ¹
133 1821 310 1902 tegematon
324 1821 355 1882 et
370 1816 450 1882 liber
465 1824 596 1902 quartus
611 1837 653 1883 ex
662 1817 804 1884 Frontini
818 1819 918 1903 ipsius
928 1837 1026 1883 manu
1035 1818 1165 1904 profecti
1174 1819 1246 1884 sint.

222 1923 393 1990 Frontinus
406 1925 499 1989 initio
514 1925 575 1990 sibi
591 1931 714 1991 tantum
729 1926 901 2011 proposuit,
915 1929 952 1989 ut
966 1925 1117 1990 ‘sollertia
1129 1923 1247 1990 ducum

20 2037 21 2046 ’
133 2032 223 2116 lecte,
253 2051 334 2116 quae
366 2053 385 2096 a
413 2031 540 2098 Graecis
571 2031 846 2122 στρατηγημάτων
872 2033 1082 2117 appellatione
1109 2050 1248 2116 compre-

132 2139 245 2204 hensa'
276 2143 393 2222 essent,
414 2160 493 2205 uno
525 2143 617 2227 opere
649 2139 938 2226 comprehenderet,
979 2138 1095 2224 quibus
1127 2140 1245 2204 novelli

133 2252 228 2331 atque
250 2249 387 2332 imperiti
410 2248 505 2314 duces
528 2250 568 2313 ad
590 2250 636 2313 rei
659 2249 802 2314 militaris
821 2248 1079 2312 exercitationem
1099 2251 1130 2312 et
1152 2267 1247 2312 usum

134 2359 304 2422 uterentur.
339 2355 448 2420 Totam
471 2362 578 2421 autem
595 2355 756 2421 materiam
780 2357 824 2420 ita
846 2357 880 2420 in
900 2362 963 2420 tres
978 2355 1076 2420 libros
1099 2355 1247 2422 diducere

19 2487 24 2540 l
132 2464 166 2526 in
189 2463 295 2528 animo
319 2463 348 2527 ei
371 2468 446 2546 erat,
468 2465 519 2529 ‘ut
540 2463 619 2528 liber
641 2464 762 2548 primus
785 2464 957 2528 contineret
979 2462 1137 2547 exempla,
1165 2479 1246 2546 quae

133 2573 345 2656 competerent
366 2572 483 2656 proelio
511 2571 654 2635 nondum
681 2572 860 2653 commisso,
888 2571 1061 2653 secundus,
1094 2587 1175 2654 queo
1207 2568 1247 2633 ed

131 2680 288 2765 proelium
303 2684 335 2744 et
349 2679 521 2743 conlectam
540 2680 735 2763 pacationem
749 2679 927 2764 pertineret,
940 2679 1051 2744 tertius
1064 2678 1247 2743 inferendae

132 2787 366 2873 solvendaeque
381 2787 536 2852 obsidioni
550 2786 679 2852 haberet
693 2785 938 2871 strategemata'.
966 2786 1086 2871 Itaque,
1100 2791 1137 2850 ut
1151 2786 1254 2851 Zech··

132 2896 270 2960 meisteri
292 2893 397 2960 verbis
420 2900 492 2960 utar
519 2894 570 2980 (oi,
593 2895 613 2960 l.
637 2913 662 2961 c.
686 2915 735 2980 pg.
761 2893 852 2979 232),
880 2893 1040 2978 discriptio
1062 2894 1114 2958 vel
1141 2894 1246 2959 distri⁴

19 3039 20 3054 τ
132 3000 221 3067 butio
245 3003 464 3087 exemplorum
487 3019 611 3084 eorum,
635 3020 716 3086 quae
739 3020 780 3066 ex
803 3005 1094 3086 rerumgestarum
1117 3003 1249 3086 scripto·¹
1360 2995 1361 2998 ’

132 3108 221 3174 ribus
252 3113 464 3193 congesserat,
497 3109 537 3172 ad
570 3109 712 3193 singulas
744 3111 876 3194 species,
908 3127 988 3193 quas
1021 3109 1136 3192 cuique
1166 3107 1246 3172 libro

132 3215 325 3299 attribuerat,
347 3217 474 3302 alligata
496 3222 569 3280 erat.
609 3215 672 3281 Sed
695 3235 768 3280 cum
790 3217 935 3300 exempla
957 3217 1044 3300 operi
1060 3233 1119 3280 suo
1133 3215 1247 3280 idonea

132 3322 301 3389 Frontinus
317 3323 476 3408 deligeret,
493 3322 593 3386 multa
607 3325 737 3406 invenit,
754 3341 843 3406 quae,
859 3341 932 3387 cum
948 3323 988 3387 ad
1003 3328 1245 3407 strategemeton

133 3430 372 3516 appellationem
388 3432 495 3495 minus
511 3429 743 3514 adoptarentur,
767 3429 821 3494 sed
836 3431 939 3514 magis
954 3431 1119 3514 strategica
1134 3439 1246 3514 essent,

132 3539 161 3602 h.
194 3557 219 3602 e.
252 3525 593 3620 virtutes'narrarent,
629 3555 710 3621 quae
747 3537 780 3599 in
811 3539 997 3622 imperatore
1028 3542 1060 3602 et
1090 3536 1246 3603 militibus

19 3677 20 3724 ς
131 3645 391 3726 desiderarentur,
413 3663 526 3730 pamm
551 3649 621 3728 apte
639 3644 741 3708 tribus
759 3642 1018 3729 praecedentibus
1032 3642 1122 3708 libris
1144 3643 1246 3710 subici

19 3731 20 3766 ἢ
59 3795 64 3820 ,
132 3752 328 3817 videbantur.
368 3751 458 3816 Hoec
481 3752 627 3836 exempla
649 3751 688 3815 ab
711 3751 782 3815 aliis
805 3751 953 3834 seiuncta,
977 3771 1058 3836 quae
1080 3751 1120 3816 ad
1142 3769 1245 3816 mores

19 3905 20 3942 ,
132 3859 283 3924 militares
310 3857 477 3940 referebat,
509 3860 541 3922 in
569 3877 688 3922 novum
715 3856 858 3922 libellum
885 3857 1018 3940 redegit,
1051 3878 1145 3944 quem
1172 3878 1246 3924 cum

19 3960 39 4012 τ’
132 3965 235 4030 tribus
263 3970 504 4050 strategematum
531 3964 621 4028 libris
648 3969 755 4049 postea
778 3965 867 4029 velut
892 3984 959 4029 rem
986 3966 1145 4032 residuam
1172 3985 1245 4030 con-

131 4075 245 4138 iunxit.
283 4071 377 4136 Liber
399 4073 495 4156 igitur
518 4073 573 4158 qui
596 4072 695 4136 fertur
718 4078 849 4156 quartus
868 4077 1108 4157 strategematon
1126 4093 1243 4137 novum
