3062 4540
800 211 843 274 24

716 302 927 312 ...ἐι-..-

269 407 501 475 substantivum
522 409 630 490 semis,
656 444 696 458 -
720 407 794 474 issis
820 405 889 470 siue
916 409 946 472 61
967 405 1160 488 adiungitur,
1187 403 1222 467 ci
1249 407 1302 485 16,
1331 406 1371 466 19

269 515 372 582 decem
394 515 567 598 secuissem
591 520 641 596 17,
665 519 685 578 4
709 513 866 599 sclopiulu
888 532 992 579 uuum
1015 509 1181 577 semissem.

356 621 423 685 Alii
459 621 582 685 numeri
617 621 708 684 fructi
744 638 817 682 cum
850 617 981 682 vocibus
1017 614 1234 680 numeralibus
1270 615 1372 699 plenis

268 728 420 812 particula
447 732 478 794 61
502 727 663 790 coniuncti
690 729 774 807 sunt,
805 743 878 788 cum
905 723 1021 808 singuli
1047 721 1171 786 numeri
1196 721 1286 784 fructi
1312 719 1372 804 ipsi

267 833 452 917 plerumque
473 833 624 918 particula
645 836 676 898 61
697 833 811 896 omissa
831 833 922 896 iuxta
943 850 977 895 se
998 830 1090 914 positi
1112 829 1191 892 sint
1229 826 1271 892 ot

355 942 404 1020 os)
428 939 467 1004 de
493 957 565 1023 squ.
590 944 644 1021 14,
673 943 713 1003 23
742 937 879 1024 elicitum
901 947 1012 1003 'usuum
1038 939 1068 1002 61
1094 934 1242 1001 brumum
1263 933 1372 1016 eliciti·

270 1052 319 1129 14,
334 1051 376 1110 24
399 1045 549 1129 scripulis
563 1044 666 1111 tribus
680 1049 711 1111 61
723 1044 806 1110 16666
821 1043 970 1128 scripulu
986 1047 1035 1125 14,
1052 1046 1093 1105 26
1112 1040 1250 1128 clipilum
1263 1061 1371 1106 uuum

266 1158 297 1219 61
327 1153 421 1238 cipite·
452 1151 649 1219 semunciam
680 1151 853 1232 scutulum
887 1155 940 1231 15,
974 1153 1013 1212 12
1047 1147 1236 1230 cummium
1266 1167 1370 1214 uuum

267 1263 298 1324 61
310 1258 522 1341 quiucuucem
538 1257 694 1324 sicilicum
698 1278 710 1340 ;
727 1255 983 1339 161516116661
997 1254 1170 1320 semuuciu.
1199 1252 1371 1316 Buecheler

266 1364 417 1428 hocloco
448 1363 567 1428 eddidit
598 1368 628 1430 61
654 1365 851 1446 quadruule,
884 1360 939 1425 sed
968 1360 1098 1424 fortusse
1124 1359 1253 1440 iniuria,
1285 1359 1371 1442 quod

266 1470 457 1534 demonstret
478 1469 513 1533 P.
535 1469 714 1552 Tennery.¹)
738 1505 780 1516 -
808 1467 966 1532 Particuls
988 1471 1018 1532 61
1040 1467 1155 1529 omisso
1176 1469 1223 1528 est
1244 1485 1293 1549 pg.
1319 1471 1369 1546 16,

267 1580 307 1640 20
332 1581 396 1643 ires
418 1581 613 1660 sepluucem;
637 1582 687 1660 16,
711 1581 750 1640 21
776 1574 943 1660 sescuplum
965 1593 1020 1639 seu
1038 1575 1229 1654 sculumlem;
1252 1575 1303 1654 23,
1327 1575 1366 1635 15

256 1682 369 1749 uuius
390 1677 576 1766 doclruulis;
599 1687 665 1749 ocio
686 1682 840 1748 cloclruus.

265 1813 266 1816 ¹
352 1787 409 1873 bb)
420 1789 600 1874 Complures
609 1790 733 1852 numeri
746 1788 838 1851 fracti
850 1789 939 1852 iuxta
952 1803 986 1852 66
999 1787 1092 1871 positi
1105 1788 1230 1850 exstent
1243 1783 1282 1848 de
1296 1803 1366 1868 squ.

263 1894 1006 1980 14,2866616666666166661616666161616;15,
1021 1897 1060 1956 12
1072 1891 1286 1974 quincuuocm
1299 1890 1368 1956 sici·

264 2000 692 2084 licum,·16,12semuucium
702 1997 1368 2082 sicilicum516,19scmissemsemumcium,·

267 2112 321 2188 16,
354 2112 394 2172 20
422 2111 602 2190 sepiumcem
631 2105 829 2173 semuucium
855 2105 1020 2172 sicilicum.
1073 2105 1148 2169 Huc
1178 2105 1298 2169 secedit
1328 2104 1367 2168 de

263 2223 334 2296 equ.
366 2219 419 2295 16,
450 2219 504 2295 13,
533 2212 590 2276 ubi
612 2213 785 2278 Buecheler
810 2217 978 2296 praeeunte
1004 2211 1122 2276 Poleno
1148 2231 1204 2296 pro
1236 2212 1366 2274 lectione

262 2319 375 2382 tradita
402 2317 517 2384 elesem
543 2320 666 2402 scripsit
695 2319 919 2402 qucdreutem.
970 2319 1153 2400 Teuueryus
1183 2319 1203 2380 l.
1232 2336 1257 2381 6.
1286 2319 1366 2380 veri-

262 2419 397 2489 similius
420 2426 558 2507 coniecit,
581 2424 696 2491 elecem
718 2431 901 2510 corruptum
922 2443 990 2489 esse
1011 2443 1053 2490 ex
1070 2429 1100 2491 61
1121 2424 1236 2490 bessem
1240 2444 1252 2506 ;
1273 2424 1301 2487 ei
1323 2425 1366 2487 its

262 2535 320 2614 est,
352 2537 442 2595 antea
472 2530 697 2596 interciderunt
730 2531 904 2616 complures
930 2549 1036 2614 voces,
1067 2531 1151 2614 quod
1181 2531 1271 2595 facile
1297 2529 1365 2594 fieri

261 2639 373 2721 potuit,
391 2657 464 2702 cum
479 2656 571 2702 voces
589 2637 787 2705 semuucium
805 2637 959 2704 sicilicum
982 2656 1062 2721 quse
1080 2637 1264 2721 repetendae
1283 2642 1364 2719 sunt,

261 2742 349 2807 brevi
364 2749 455 2808 antee
467 2747 531 2808 iem
546 2745 706 2810 exsistant.
737 2745 921 2826 Tsnneryus
935 2744 1033 2827 igitru
1045 2744 1177 2807 coniecit
1190 2748 1365 2810 seutuutem

261 2850 458 2918 semuucium
485 2850 641 2916 sicilimcm
666 2855 698 2916 61
722 2849 845 2917 bessem.
890 2848 979 2914 Haec
1005 2851 1192 2934 computatio
1216 2851 1364 2915 hocloco

260 2954 339 3018 bene
366 2955 504 3039 quadret.
549 2956 601 3018 Ad
628 2973 736 3020 vocem
766 2955 880 3022 bessem
906 2956 1098 3039 supplendus
1125 2961 1172 3020 661
1197 2957 1364 3040 genetivus

261 3061 385 3143 sicilici,
417 3081 480 3146 que
508 3060 547 3125 de
578 3081 673 3125 causa
701 3061 854 3146 particule
881 3062 1037 3145 61666116
1064 3081 1131 3126 esse
1158 3064 1294 3143 videtur,
1326 3064 1362 3126 cf.

261 3185 356 3252 suprs
374 3166 433 3231 sub
453 3169 509 3249 ec),
526 3165 582 3231 ubi
600 3169 723 3231 numeri
740 3167 828 3231 fructi
846 3170 986 3232 numeris
1003 3167 1104 3252 plenis
1122 3189 1195 3232 cum
1211 3171 1363 3253 porticula
1418 3241 1420 3246 ,

260 3278 291 3338 61
312 3275 445 3358 appositi
470 3277 545 3337 sunt
570 3276 715 3358 genetivo
741 3275 886 3358 partitive
914 3274 1041 3338 adiecto.
1065 3311 1107 3322 -
1130 3274 1243 3338 Contra
1268 3296 1361 3341 usum

260 3380 383 3444 dicendi
400 3379 641 3446 Frontinianum
663 3381 815 3464 particule
837 3385 867 3446 61
887 3381 1069 3465 interposite
1091 3386 1139 3445 est
1160 3382 1199 3445 (16
1221 3402 1291 3465 squ.
1313 3391 1362 3465 16,

262 3491 301 3550 18
329 3485 444 3552 bessem
470 3490 500 3552 61
529 3487 742 3570 semuucium;
770 3493 803 3551 et
830 3506 870 3551 ne
899 3489 975 3550 haec
1002 3488 1128 3571 quidem
1156 3488 1247 3553 lectio
1277 3491 1362 3553 omni

259 3593 435 3676 suspicione
459 3597 553 3674 caret,
576 3611 648 3656 cum
666 3593 765 3657 codex
786 3593 810 3656 0
832 3593 978 3658 exhibes-t
995 3593 1074 3659 lese
1096 3599 1133 3660 61
1154 3596 1360 3678 semuucium,

260 3698 343 3781 quod
369 3698 499 3762 fortusse
525 3698 638 3762 melius
665 3699 699 3762 in
727 3699 841 3766 bessem
868 3699 1066 3766 semumciem
1094 3701 1280 3766 mutandum
1307 3709 1360 3766 661.

259 3840 300 3849 -
323 3803 430 3888 Atque
452 3804 545 3868 etiam
571 3809 625 3887 16,
649 3809 688 3870 15
711 3805 846 3890 legimus
872 3825 956 3870 nunc
983 3805 1108 3874 semisse
1135 3811 1166 3873 61
1186 3808 1358 3892 smuscuciu,

258 3955 467 3964 ψ’..

346 4030 366 4104 ¹)
385 4029 480 4088 Revue
497 4031 532 4087 de
550 4031 705 4106 philologio.
741 4036 774 4090 N.
794 4033 822 4106 S.
841 4034 876 4090 13
894 4034 991 4105 (1889),
1009 4053 1070 4109 pag.
1089 4035 1202 4092 ‘ll-72.
