3062 4540
335 363 532 432 Vocabulum
565 368 651 434 nillil
683 389 753 434 curn
786 373 931 456 genetivo
963 377 1066 436 exstat
1097 377 1150 437 str.
1177 371 1218 435 II.
1249 378 1279 456 7,
1314 378 1354 438 14

247 494 444 556 quemquam
471 475 557 541 nibil
588 497 692 542 seciam
719 477 879 560 praesidii
911 476 1054 559 baberet;
1085 496 1157 542 cum
1190 498 1291 563 praep.
1315 501 1355 546 cc

247 583 449 646 coniunctum
478 588 525 646 cst
550 582 740 665 stilus,
765 590 805 648 14
832 583 926 656 aihta
946 607 985 652 ac
1011 584 1106 652 rebus
1132 585 1217 666 ercis
1250 587 1282 668 3,
1313 593 1352 650 15

247 687 332 753 nibil
358 709 398 754 ec
425 687 527 754 taulis
548 688 719 755 manubiis.
758 688 876 757 ‚Ex-‚eo
901 691 985 774 quod
1007 691 1083 756 baec
1105 693 1293 760 constructio
1320 694 1354 756 in

246 792 327 858 libro
350 799 460 878 qua-rto
482 796 657 876 invenitur,
682 795 825 860 concludi
853 815 915 860 non
934 795 1241 878 ,licet,:Froutinum
1265 799 1355 864 aliter

247 902 418 984 scripsisse,
437 921 509 966 cum
528 902 672 986 exempla
693 907 815 986 praeter
836 909 888 968 etr,
904 902 988 980 ΙΙ.«7,
1015 910 1054 968 14
1077 905 1112 967 in
1130 903 1219 970 libn's
1235 903 1353 970 12-11L

247 1025 309 1070 non
323 1008 544 1086 invenientem
572 1008 627 1072 sed
650 1009 689 1072 de
712 1029 787 1092 aqu,
807 1017 841 1090 9,
870 1015 910 1074 26
935 1009 1021 1076 nibil
1043 1030 1082 1076 ac
1105 1010 1261 1092 qualitate
1283 1011 1355 1078 mus

246 1112 367 1196 legitur.
414 1113 557 1179 Ceterum
584 1115 618 1177 in
645 1134 694 1197 eo,
727 1115 812 1199 quod
838 1108 953 1186 eadem
975 1119 1165 1186 constructio
1196 1117 1285 1184 evilid
1313 1138 1354 1182 aa

247 1219 390 1300 iteratur,
422 1221 585 1286 consilium
618 1222 754 1286 auctoris
785 1221 857 1286 libri
888 1221 944 1287 IV.
962 1225 1177 1307 cognoscitur,
1210 1223 1354 1306 exempla

248 1325 301 1389 illa
323 1328 417 1390 etiam
440 1331 569 1391 externe
592 1327 736 1392 dictionis
754 1327 854 1392 forma
871 1330 954 1398 inter
971 1347 1005 1394 se
1023 1329 1245 1413 coniungendi,
1268 1330 1354 1416 quod

248 1437 301 1496 est·
321 1435 480 1516 proprium
506 1432 647 1498 Frontini
680 1433 731 1512 (cl.
759 1435 787 1498 h.
816 1454 840 1498 c.
868 1455 918 1518 pg.
948 1438 991 1515 3).
1019 1471 1063 1484 -
1094 1436 1134 1500 Si
1161 1436 1248 1504 nibil
1280 1456 1354 1500 cum

247 1538 407 1603 adjectivis
438 1541 580 1604 neutrius
606 1541 730 1623 generis
761 1542 976 1626 coniungitur,
1003 1541 1158 1608 adiectiva
1184 1545 1215 1606 in
1245 1543 1353 1608 eodem

247 1647 448 1730 cususposita
474 1651 561 1727 sunt,
589 1647 624 1712 cl.
651 1653 704 1712 str.
727 1647 750 1710 Ι.
782 1653 841 1730 11,.
865 1654 884 1712 4
912 1647 999 1714 uilril
1031 1647 1156 1723 iustum
1171 1671 1223 1718 «αθ
1252 1650 1354 1716 secde

247 1756 372 1834 roiam·
393 1751 434 1816 ΙΙ.
459 1758 487 1835 5,
513 1759 551 1816 19
576 1759 607 1816 θῖ
631 1759 669 1818 31
695 1753 781 1818 nihii
806 1753 876 1822 tale.

336 1859 512 1924 Genetivus.
528 1859 642 1942 pendet
665 1859 703 1924 ab
728 1860 884 1925 adverbiis
912 1865 963 1924 str.
987 1859 1027 1926 Il.
1051 1862 1143 1944 praef.
1168 1861 1354 1944 satissidu

247 1966 327 2045 cioe3
352 1971 403 2044 11,
428 1971 443 2028 1
469 1969 500 2030 θῖ
522 1965 561 2028 de
583 1985 654 2048 aqu.
679 1971 730 2046 34,
756 1971 795 2030 12
814 1987 936 2050 parvam
953 1967 1123 2050 praesidii.

335 2075 363 2149 c)
387 2069 435 2134 De
456 2072 600 2154 genetivo
624 2070 662 2134 ab
687 2071 849 2136 adiectivis
871 2073 904 2136 in
924 2091 1056 2139 numero
1074 2073 1188 2157 plurali
1211 2074 1355 2138 neutrius

247 2180 370 2261 generis
384 2178 492 2261 positis
508 2176 663 2261 pendenti,
687 2179 741 2260 qui
760 2177 1035 2260 frequentissimus.
1046 2185 1093 2244 est
1108 2179 1191 2262 apud
1205 2179 1356 2258 Tacitum,

248 2284 284 2348 cl.
308 2284 337 2346 h.
361 2303 386 2346 c.
410 2304 458 2366 pg.
485 2289 533 2346 16.

336 2390 366 2466 dt
392 2389 563 2454 Genetivus
585 2390 752 2472 partitivus
775 2391 913 2472 pendens
936 2390 976 2454 ab
1000 2391 1161 2456 adiectivis
1185 2391 1354 2457 masculini

247 2500 370 2578 generis
394 2498 425 2558 in
443 2495 544 2578 gradu
564 2495 708 2578 positivo,
732 2515 826 2578 quam
844 2500 1105 2562 constructionem
1121 2496 1231 2562 Graeci
1247 2502 1355 2580 poetae

248 2605 440 2687 saepissime,
476 2600 610 2666 Romani
648 2621 730 2684 raro,
768 2603 824 2668 sed
861 2605 986 2687 saepius
1023 2605 1208 2687 posteriores
1245 2621 1355 2687 prosae

248 2711 394 2774 orationis
412 2710 577 2793 scriptores
591 2708 665 2772 inde
680 2729 699 2772 e
713 2707 801 2771 Livio
818 2708 968 2773 adhibent
984 2709 1032 2789 (ef.
1048 2707 1207 2790 Kuehner,
1224 2729 1354 2792 gramm.

248 2816 332 2878 latin.
364 2815 388 2880 Ι.
420 2835 468 2898 pg.
502 2821 574 2879 311.
603 2814 672 2878 adn.
704 2817 751 2894 1),
782 2815 878 2878 semel
910 2835 930 2877 a
960 2812 1110 2878 Frontino
1141 2815 1262 2898 positus
1294 2819 1353 2892 est:

248 2927 299 2984 str.
322 2919 362 2986 II.
387 2927 421 3000 5,
451 2927 489 2984 19
518 2919 654 2988 cerebellos
686 2939 836 3000 suorum·
863 2919 958 2983 simili
986 2919 1078 2984 modo
1101 2921 1289 3004 praepositio
1317 2941 1355 2986 asc

248 3028 361 3111 legitur
383 3035 435 3091 str.
458 3026 513 3090 IV.
537 3033 567 3106 7,
591 3031 632 3090 24
656 3043 695 3092 esc
717 3025 868 3092 colonam
890 3045 1026 3092 sumre
1039 3025 1194 3110 fortibus.

336 3138 363 3210 e)
393 3132 500 3214 Unus,
530 3133 659 3216 quoda
687 3130 835 3196 Cicerone
866 3132 1054 3216 aliquotiens
1082 3137 1176 3216 atque
1208 3133 1304 3196 semel
1337 3152 1354 3193 a

203 3231 206 3238 '
248 3239 387 3318 Caesare,
410 3241 535 3323 saepius
558 3259 576 3301 a
602 3237 692 3302 Livio
716 3257 786 3302 cum
815 3241 959 3322 genetivo
982 3237 1129 3322 partitive
1154 3239 1354 3322 coniungitur

249 3347 296 3426 (cf.
329 3343 440 3428 Draeg.
472 3345 496 3408 Ι.
529 3365 577 3428 pg.
610 3344 702 3423 458),
734 3344 814 3426 apud
848 3343 1035 3410 Frontinum
1072 3363 1192 3428 semper
1227 3362 1352 3427 praepo·

249 3453 391 3516 sirionem
415 3472 453 3517 ec
476 3451 626 3516 adsciscit.
664 3451 750 3516 Idem
774 3451 838 3514 fere
860 3451 1027 3516 dicendum
1050 3455 1098 3514 est
1120 3451 1158 3514 de
1181 3450 1250 3514 aliis
1272 3451 1355 3513 voci·

249 3557 308 3622 bus
331 3558 554 3639 numeralibus,
578 3559 613 3622 cl.
638 3559 676 3634 de
700 3579 771 3642 aqu.
800 3562 848 3640 12,
875 3563 889 3622 l
915 3579 955 3626 es
975 3558 1005 3624 is
1027 3577 1097 3639 sec,
1121 3562 1172 3638 30,
1201 3563 1219 3620 6
1243 3576 1282 3624 ecc
1305 3555 1356 3621 bis

249 3713 255 3727 .
282 3713 290 3728 .
317 3713 324 3728 .
357 3663 532 3744 caluariae
569 3667 722 3744 quadum·
758 3664 866 3744 milia
903 3665 1046 3729 similiter
1083 3668 1135 3728 str.
1163 3661 1217 3726 IV.
1251 3669 1281 3741 7,
1314 3668 1355 3727 24

250 3774 404 3852 quattuor
425 3769 517 3838 milia
539 3789 578 3834 ec
600 3768 667 3848 bis,¹
689 3768 727 3832 de
750 3789 822 3852 equ.
847 3775 898 3846 37,
923 3770 1020 3852 11115
1045 3791 1083 3836 esc
1105 3769 1179 3850 iis.
1198 3819 1205 3834 .
1222 3819 1229 3834 .
1249 3769 1356 3844 bicos·

248 3879 320 3940 item
345 3884 397 3940 str.
420 3875 476 3938 IV.
504 3880 530 3953 l,
554 3880 594 3938 36
620 3879 728 3940 arcos
751 3897 789 3941 ecc
811 3875 1070 3953 centurionibus
1097 3882 1122 3955 1,
1147 3881 1185 3940 37
1212 3874 1356 3958 simpulcs

249 4003 289 4046 ec
312 3982 378 4062 bis,
401 4000 504 4064 neque
526 3985 629 4044 tamen
654 3981 739 4044 deest
761 3982 935 4063 genetivus,
959 3980 993 4044 ci.
1019 3981 1057 4044 de
1080 4000 1151 4064 aqu.
1177 3984 1227 4060 12,
1250 3985 1268 4043 3
1295 3983 1357 4045 ires
