3062 4540
705 235 746 300 37

166 426 302 513 inflectit
322 429 457 496 mutavit
478 429 512 494 in
534 429 678 515 inflexit,
708 431 794 515 quod
816 449 890 495 eum
911 431 994 494 recte
1017 427 1145 513 quidem
1167 428 1278 494 iecisse

165 541 255 620 puto,
286 537 342 601 sed
373 536 487 601 falsum
519 542 579 620 est,
611 557 684 602 cum
712 538 788 602 dicit
813 537 880 619 ille,
911 534 1098 600 Frontinum
1123 536 1278 620 praesenti

166 641 313 706 historico
339 660 515 726 numquam
541 661 637 708 usum
664 662 733 708 esse
760 643 810 726 (ct.
832 641 925 727 praef.
949 640 1019 707 edit.
1043 643 1062 724 §
1087 639 1150 726 12).
1193 640 1276 705 Nam
1393 649 1396 655 '

166 745 433 812 Gundermannus
463 749 532 832 ipse
562 753 615 813 str.
645 747 702 838 Ill.
728 756 758 832 9,
784 754 803 812 2
831 748 969 812 servavit
998 748 1162 812 lectionem
1185 747 1277 816 insse

160 858 335 939 perapnnt,
365 871 428 938 quo
450 853 518 918 loco
541 853 702 918 Hartelius
723 855 783 918 lc.
797 871 945 938 praesens
967 853 1150 918 batoricum
1175 872 1276 918 remo-

168 961 234 1023 ren’
255 959 325 1024 vult
342 959 521 1024 scribendo:
539 959 651 1044 [dnn]
665 960 701 1026 ln'
716 961 822 1027 adinti
839 959 974 1028 ..iussa
986 963 1161 1046 paapant
1201 959 1223 1023 J
1224 980 1275 1024 am

164 1084 239 1130 vero
254 1066 389 1148 legimus
406 1069 491 1131 strat.
507 1063 548 1130 11.
565 1073 594 1148 5,
611 1071 650 1132 91
675 1066 784 1133 inbet.
803 1116 810 1131 .
829 1115 835 1131 .
851 1063 1003 1148 sanant.
1024 1111 1033 1129 .
1051 1115 1058 1130 .
1075 1065 1276 1133 abscntdant

166 1221 198 1237 ..
217 1221 223 1236 .
243 1171 356 1239 inient
375 1222 382 1238 .
400 1220 408 1238 .
427 1221 433 1238 .
454 1171 675 1256 effandnttar
692 1177 723 1238 et
744 1171 981 1239 convulnerant
1002 1169 1274 1256 confnninntqao

165 1328 173 1343 .
191 1327 199 1343 .
218 1327 225 1344 .
243 1327 251 1344 .
267 1282 467 1363 erumpant.
486 1327 493 1344 .
510 1328 517 1344 .
536 1327 543 1344 .
560 1283 771 1346 consternant
792 1281 1029 1361 avertantque.
1047 1327 1055 1342 .
1074 1327 1081 1342 .
1099 1327 1106 1342 .
1124 1279 1271 1345 caedant.

163 1383 228 1448 Sed
249 1385 282 1448 in
304 1385 363 1448 hoo
381 1385 533 1469 exemplo,
557 1384 642 1468 quod
661 1383 899 1468 amplitudinem
917 1384 1060 1448 omnium
1077 1385 1272 1468 reliquorum

162 1494 402 1575 stratagematon
424 1491 548 1555 excedit
569 1495 664 1575 atque
681 1492 715 1554 in
733 1491 906 1574 longiorem
928 1492 974 1555 rei
991 1495 1097 1574 gestae
1118 1492 1271 1556 nancto

162 1615 237 1660 nem
274 1615 309 1662 se
345 1597 510 1680 convertit,
545 1615 692 1681 praesens
727 1597 912 1660 historicum
942 1598 1130 1661 narrationis
1168 1597 1271 1661 colore

162 1706 342 1786 excusatur,
364 1721 438 1767 oum
460 1722 501 1768 ex
523 1703 628 1768 sedata
650 1704 791 1768 oratione
813 1703 958 1767 efferatur
979 1707 1087 1768 suntor
1105 1705 1140 1767 in
1158 1705 1270 1768 oratio·

162 1827 235 1873 nem
256 1809 351 1894 paulo
372 1809 577 1874 fervidiorem.

250 1910 280 1980 2.
303 1912 413 1979 Deder.
441 1935 490 1999 pg.
515 1920 577 1980 299
606 1918 840 1997 commemorat,
865 1915 1037 1999 praesentis
1064 1915 1269 1979 indicativum

161 2040 181 2084 a
206 2019 356 2104 Frontim
383 2022 519 2105 positum
546 2039 627 2104 esse,
652 2020 710 2086 ubi
741 2023 959 2085 coniunctivae
990 2025 1199 2105 exspectetm,
1231 2021 1270 2086 de

161 2145 232 2209 aqu.
266 2131 322 2210 44,
354 2133 373 2191 5
405 2132 497 2194 oetas
533 2127 737 2210 relinquant,
777 2147 840 2210 qno
876 2127 1022 2194 canaan
1058 2127 1270 2193 extrahant

161 2253 296 2316 annana·
334 2237 389 2315 48,
421 2237 441 2297 2
480 2231 608 2302 arbores
637 2233 742 2319 napis
771 2237 901 2316 nocent,
935 2254 1076 2315 ananan
1107 2232 1270 2300 radnitns

160 2339 451 2406 concamerationes
477 2344 507 2405 ot
533 2339 636 2407 latera
662 2339 878 2406 soionntnr.
924 2337 1050 2404 ‘Modus
1078 2339 1269 2403 indicativus

160 2448 208 2508 est
229 2444 411 2528 simpliciter
431 2447 586 2509 narrantis
608 2449 639 2508 et
661 2444 840 2510 referentis!

248 2545 278 2616 3.
300 2550 436 2634 Tempus
462 2551 605 2615 futurum
637 2551 744 2614 omnia
770 2557 909 2636 tempora
937 2553 1028 2636 quasi
1054 2552 1268 2635 complectitur

159 2656 199 2720 de
222 2675 293 2739 aqu.
317 2660 369 2736 42,
386 2661 426 2721 25
447 2656 650 2742 impetratam
668 2677 788 2739 apaan
806 2706 813 2719 .
829 2707 836 2721 .
855 2707 861 2721 .
878 2677 917 2722 aa
932 2657 996 2724 aiio
1011 2657 1145 2739 castella
1169 2678 1268 2741 quan

159 2782 198 2828 aa
230 2782 292 2844 qao
324 2762 461 2845 epistula
488 2762 649 2846 principis
675 2762 899 2845 continebit,
933 2763 1008 2831 inci
1029 2764 1173 2848 palamst
1197 2785 1267 2831 non

158 2871 311 2952 oportere.
345 2905 386 2916 -
418 2868 510 2953 Legis
540 2870 605 2934 ritu
635 2870 871 2952 pronuntiatum
899 2874 946 2934 est
973 2875 1097 2954 tempus
1123 2870 1293 2935 futurum

159 2979 215 3054 44,
242 2978 284 3037 29
313 2973 458 3041 honines
484 2975 523 3041 in
553 2974 631 3041 arbe
763 2995 860 3059 opera
892 2997 1035 3060 qnaeqna
1065 2976 1264 3063 nryebnnt.
1338 3019 1339 3022 =

159 3077 215 3162 (cf.
239 3077 350 3144 Deder.
373 3101 422 3165 pg.
447 3085 510 3145 220
534 3085 564 3145 et
587 3082 669 3161 216).

245 3181 276 3248 4.
314 3184 519 3270 Participium
558 3186 657 3251 futuri
696 3205 768 3251 cum
797 3187 910 3270 forent
942 3189 1143 3253 coniunctum
1180 3190 1265 3274 quod

158 3290 309 3356 editiones
336 3293 453 3375 priores
480 3291 639 3374 exhibent,
666 3293 795 3358 retinuit
823 3294 1085 3360 Gundermannus
1111 3300 1195 3360 strat.
1223 3295 1262 3360 H.

161 3401 210 3479 12,
236 3404 251 3460 1
277 3419 348 3464 canc
379 3396 478 3464 Volsci
500 3397 576 3478 eins
591 3403 698 3466 castra
721 3402 905 3486 adpressaai
923 3400 1041 3484 serant
1062 3402 1172 3468 collato
1195 3402 1263 3467 Liv.

159 3507 188 3584 2,
212 3509 263 3586 64,
285 3523 478 3588 quamquam
500 3505 620 3569 codices
640 3504 736 3570 GHP
753 3506 903 3590 praebent
920 3507 1072 3594 adpressi.
1110 3507 1264 3592 Exempla

157 3608 252 3672 huius
274 3628 352 3673 usus
374 3615 596 3694 congesserunt
616 3609 648 3674 N
649 3629 716 3694 aue,
739 3611 778 3676 de
798 3613 886 3678 form.
907 3613 981 3698 ling.
1000 3614 1052 3678 lat.
1072 3612 1113 3680 Π.
1131 3633 1180 3698 pg.
1197 3620 1259 3679 391

157 3719 189 3779 et
209 3713 321 3799 Dracg.
343 3713 368 3780 I.
391 3735 441 3800 pg.
465 3721 526 3780 291
552 3720 583 3780 et
607 3721 678 3782 292.

245 3815 274 3887 5.
311 3821 656 3907 Plusquamperlectum
695 3826 832 3909 positum
868 3829 917 3890 est
953 3844 1009 3910 pro
1044 3826 1181 3911 perfecto
1214 3827 1260 3910 (ef.

157 3924 267 4010 Draeg.
303 3926 328 3993 L
362 3932 424 3998 259
463 3934 495 3993 et
532 3931 611 4010 260)
649 3930 688 3996 de
723 3951 794 4015 aqu.
829 3937 860 4014 1,
903 3938 922 3996 9
959 3932 1162 4016 potissimam
1197 3934 1262 4000 eai-

157 4033 261 4114 stino,
300 4033 382 4100 sicat
411 4033 451 4099 in
482 4036 591 4102 ceteris
626 4038 762 4124 nepotiis
796 4038 1014 4121 institncran,
1050 4059 1144 4106 nossa
1177 4041 1262 4122 qaod
