3062 4540
816 157 855 220 10

730 243 940 257 αι--ὺ--ιι

283 346 461 413 adhortatus
477 354 543 414 erat
558 349 607 430 (cf.
622 351 715 434 praef.
731 351 798 416 libr.
808 351 831 418 Ι.
841 373 870 436 p.
882 353 910 416 2.
921 371 950 416 v.
962 352 1003 416 20
1018 353 1107 437 sqq.).
1135 351 1333 420 Postremum
1346 373 1386 420 ne

282 455 315 519 id
330 456 457 540 quidem
472 457 618 520 contendi
632 458 713 540 licet,
728 459 805 523 haec
820 459 964 544 exempla
979 461 1078 543 magis
1094 459 1132 522 ad
1148 461 1386 544 appellationem
1513 463 1514 480 ¹

283 566 523 645 strategematon
545 563 684 648 adaptari
707 564 746 627 ob
769 583 901 648 eamque
922 583 988 629 rem
1011 567 1044 628 in
1067 565 1148 629 libro
1163 565 1217 629 IV.
1234 573 1305 650 apta
1321 587 1385 631 non

282 668 353 751 legi,
375 688 448 731 nam
472 671 499 732 si
522 670 593 752 quis
616 671 790 734 accuratius
812 672 1014 754 perspexerit,
1035 671 1125 736 facile
1146 673 1313 757 intelleget,
1336 691 1386 737 res
1513 677 1514 682 ’

282 773 333 836 his
355 774 506 856 exemplis
529 779 674 840 baculas
692 797 711 840 a
727 795 842 860 genere
860 780 1055 862 strategicon,
1079 798 1159 862 quae
1177 779 1255 842 libro
1275 784 1385 862 quarto

283 881 490 962 continentur,
504 901 566 944 non
577 901 644 946 esse
658 883 783 948 alienas.
808 881 928 958 Quibus
942 883 981 947 de
996 885 1100 948 causis
1111 889 1162 948 str.
1172 883 1226 948 IV.
1239 886 1267 966 5,
1277 886 1382 948 8-11

283 989 341 1052 hoc
363 988 432 1051 loco
453 990 591 1071 genuina
613 1005 680 1054 esse
703 991 855 1053 existimo.

341 1123 342 1128 ¹
369 1094 503 1158 Tantum
526 1095 596 1159 dico
618 1096 657 1160 de
678 1095 975 1179 interpolationibus.
1022 1096 1096 1159 Alia
1122 1096 1277 1179 exempla,
1304 1115 1386 1180 quae

283 1199 380 1264 dubia
409 1204 572 1285 putantur,
603 1201 658 1264 sed
689 1203 723 1264 in
755 1201 915 1266 codicibus
946 1200 1092 1266 Frontini'
1108 1190 1243 1266 vnomine
1275 1203 1385 1267 tradita

283 1313 366 1390 sunt,
389 1308 565 1391 quaestioni
587 1305 729 1372 subicere
751 1309 829 1372 mitri
851 1309 950 1374 liceat.

371 1413 599 1497 Aggrediamur
624 1433 711 1478 nunc
737 1433 803 1478 rem
834 1415 1031 1499 propositam.
1080 1413 1285 1498 Prasmone0,
1312 1436 1385 1480 cum
1513 1501 1514 1504 Ἴ

284 1519 426 1583 Frontini
453 1519 587 1583 elocutio
609 1521 714 1584 multa
737 1540 808 1584 cum
836 1522 1023 1604 optimorum
1050 1523 1235 1604 scriptorum
1263 1521 1385 1586 dicendi

284 1625 509 1691 consuetudine
531 1627 709 1690 communia
731 1626 851 1708 habeat,
878 1628 911 1690 in
934 1628 1116 1690 universum
1138 1646 1189 1692 me
1215 1628 1295 1691 hanc
1322 1627 1385 1692 dis·

284 1733 413 1818 putandi
444 1734 596 1796 rationem
626 1736 808 1797 secuturum
840 1751 922 1815 esso,
953 1738 990 1796 ut
1025 1751 1078 1798 eas
1113 1735 1209 1798 totius
1240 1737 1386 1798 materiae

284 1845 397 1925 partes,
438 1840 471 1902 in
508 1838 626 1922 quibus
662 1840 782 1922 aliquas
820 1838 1060 1923 discrepantias
1079 1839 1234 1905 detexisse
1269 1841 1385 1923 videor,

285 1946 436 2030 exemplis
459 1963 500 2010 ex
523 1946 680 2028 scriptoris
699 1943 843 2028 operibus
865 1946 969 2028 petitis
987 1947 1149 2028 instruam,
1172 1947 1309 2028 reliquas
1331 1952 1387 2010 aut

284 2055 391 2136 paucis
423 2051 526 2116 verbis
559 2053 708 2134 attingam
740 2055 808 2114 aut·
826 2051 952 2114 omnino
981 2051 1103 2115 silentio
1134 2053 1385 2136 praetermittam.

282 2159 344 2239 ,Sed
371 2159 496 2242 saepius
522 2159 684 2222 usitatiora
711 2170 836 2240 quoque
863 2156 971 2220 afferre
998 2163 1123 2220 coactus
1146 2176 1231 2238 sum,
1257 2162 1293 2221 ut
1320 2159 1386 2222 sive
1513 2155 1514 2180 *

285 2283 469 2329 consensum
502 2265 569 2328 sive
600 2263 779 2343 discrimen,
812 2261 895 2345 quod
927 2263 1055 2326 interest
1085 2263 1168 2326 inter
1197 2262 1293 2326 libros
1323 2268 1386 2328 tres
1513 2245 1514 2272 ³

284 2373 402 2456 priores
424 2375 660 2454 strategematon
684 2374 714 2432 et
736 2367 849 2431 librum
874 2373 1029 2451 quartum,
1052 2368 1301 2432 demonstrarem.

325 2523 330 2530 ·
373 2475 516 2558 Denique
534 2491 742 2538 commemoro
761 2475 794 2536 in
810 2475 867 2537 hac
883 2475 1189 2540 commentationem
1204 2477 1385 2540 universum
1513 2459 1514 2524 Ῐ

285 2583 432 2667 Draegeri
468 2581 584 2644 librum
621 2583 676 2664 qui
712 2580 905 2644 inscribitur:
943 2579 1138 2644 Historische
1173 2579 1296 2661 Syntax
1332 2583 1386 2646 der

285 2689 486 2754 lateinischen
508 2686 651 2771 Spraohe,
674 2685 723 2750 Ed
750 2687 791 2750 11.
814 2685 894 2769 Lips.
918 2687 1002 2748 1878
1025 2705 1076 2750 me
1094 2687 1205 2750 ducem
1229 2686 1384 2752 habuisse.
1513 2697 1514 2756 ζ

286 2797 324 2860 In
345 2796 421 2859 locis
448 2794 611 2858 afferendis
638 2793 700 2856 libr
731 2793 769 2856 de
796 2797 885 2874 aquis
912 2791 998 2855 urbis
1020 2790 1137 2856 Romae
1163 2800 1287 2858 secutus
1314 2815 1385 2858 sum
1513 2809 1514 2814 ’

288 2901 452 2966 editionem
483 2899 666 2962 Buecheleri
699 2895 790 2980 (Lips.
822 2898 932 2976 1858).
963 2899 997 2960 in
1025 2898 1188 2962 laudandis
1215 2899 1289 2964 locis
1316 2897 1383 2963 libr.

288 3011 523 3090 strategematon
546 3004 712 3068 editionem
737 3001 970 3066 Gundermanni
994 3001 1089 3087 (Lips.
1116 3005 1217 3079 1888).

732 3319 927 3328 ..ι-ιυ--ο-ι
