3062 4540
694 202 736 264 43

160 396 354 458 construitur
393 393 517 460 duobus
557 398 681 460 tantum
720 394 797 459 locis
835 397 987 482 exceptis,
1024 395 1062 460 cf.
1096 395 1268 480 Kuehnast‚

158 499 226 565 La
250 521 300 584 pg.
327 506 402 578 1463

247 606 389 674 insidere
411 610 495 671 strat.
518 605 543 672 I.
567 612 596 684 5,
622 611 660 672 15
686 606 790 675 latero
809 607 982 690 omniaque
999 606 1169 692 superiora
1186 606 1269 674 irase

159 714 267 795 deret;
298 713 338 778 II.
362 720 396 796 5,
426 718 467 778 32
496 713 565 780 ioca
593 713 725 780 insesso.
771 713 802 777 A
825 712 972 778 Cicerone
1000 717 1031 777 et
1053 711 1183 778 Caesare
1210 714 1269 777 boc

159 819 290 882 verbum
314 820 358 884 ita
380 823 566 903 usurpatum
588 837 654 884 non
676 824 736 902 est,
759 820 897 904 primum
918 839 938 884 a
959 816 1048 884 Livio
1070 820 1267 884 accusabam

160 925 334 990 adhibetur,

248 1029 282 1114 d)
305 1033 475 1115 composita
497 1049 571 1096 cum
593 1051 695 1117 praep.
719 1053 773 1099 ex:

248 1137 395 1204 excedere
417 1158 490 1202 oum
513 1139 690 1204 accusativo
713 1157 777 1202 non
795 1137 879 1223 apud
897 1136 1121 1220 Ciceronemlt,
1144 1141 1268 1224 saepius

160 1243 244 1328 apud
267 1242 408 1323 Livium3
437 1243 472 1307 ci.
496 1244 535 1308 de
562 1251 776 1329 aqu.43,15
806 1245 892 1312 cotie
918 1245 1039 1312 eeeedit
1065 1266 1268 1329 mosaeam

248 1350 356 1436 epredi
374 1350 413 1415 da
431 1370 501 1434 aqu.
521 1356 572 1432 39,
592 1356 612 1414 4
630 1351 763 1438 opressis
784 1351 911 1433 arbem;
932 1353 967 1415 in
990 1357 1074 1418 strat.
1096 1352 1187 1417 libris
1209 1353 1268 1416 hoo

161 1455 291 1520 verbum
315 1460 370 1521 aut
391 1475 464 1520 oum
485 1458 770 1542 praepositionem
791 1461 846 1521 aut
867 1477 940 1522 cum
962 1457 1096 1522 ablativo
1119 1460 1266 1523 coniunc

160 1566 227 1626 tum
255 1561 408 1628 videmus.
459 1562 598 1628 Strati.
624 1568 678 1641 12,
708 1570 723 1628 1
753 1563 905 1627 editiones
931 1565 1050 1647 priores
1077 1563 1267 1628 exhibebant

161 1668 326 1754 epredieas
347 1689 476 1750 aecem,
506 1689 601 1753 quam
628 1674 828 1751 structuram,
856 1690 1048 1754 quamquam
1074 1690 1139 1734 non
1166 1672 1267 1735 aliena

161 1780 207 1838 ast
238 1795 258 1839 a
288 1775 450 1859 Ronfiuo,
489 1775 657 1842 Gunderm.
689 1774 954 1840 consentientibus
988 1775 1148 1840 codicibus
1185 1781 1267 1841 recte

160 1883 294 1946 mutavit
315 1885 347 1946 in
370 1883 536 1970 epreda'eas
556 1903 641 1950 aava
645 1903 657 1966 ,·

248 1989 380 2056 evadam
402 1995 453 2054 str.
476 1989 500 2055 Ι.
525 1997 554 2072 5,
579 1995 618 2055 18
643 1989 868 2058 adversariam
890 1988 1006 2072 evasit;
1030 1995 1060 2072 5,
1085 1994 1123 2054 19
1148 1990 1268 2057 satiram

160 2095 276 2177 evomi,
306 2094 346 2160 11.
382 2101 435 2176 13,
473 2101 492 2159 4
524 2095 631 2179 copias
666 2100 796 2162 costros
825 2095 1029 2177 doceremque
1060 2095 1267 2178 iniquitatem

160 2201 271 2268 evasit.
317 2199 489 2286 Nunquam
512 2202 700 2286 praepositio
723 2199 861 2265 adhibita
883 2206 937 2266 est.
982 2200 1095 2266 Poetae
1122 2202 1167 2266 ita
1193 2213 1266 2266 oon-

160 2311 297 2388 strnunt;
330 2307 413 2392 apud
443 2327 553 2392 prosae
580 2309 728 2372 orationis
754 2309 918 2392 scriptores
945 2307 1019 2372 inde
1046 2327 1065 2372 a
1090 2306 1180 2373 Livio
1208 2309 1267 2373 hoc

159 2411 291 2478 verbum
315 2433 387 2477 cum
410 2417 587 2478 accusativo
610 2415 819 2498 coniungitur.

247 2519 299 2583 Ex
329 2521 380 2602 iis,
412 2539 493 2603 quae
520 2520 623 2602 attuli,
651 2519 797 2600 efficitur,
824 2519 1025 2584 construendi
1052 2521 1205 2585 rationem
1232 2523 1267 2585 in

160 2625 264 2690 verbis
286 2626 492 2690 intransitivis
516 2644 588 2688 cum
610 2643 712 2710 praep.
736 2626 910 2690 coniunctis
933 2645 952 2688 a
973 2625 1122 2690 Frontino
1145 2627 1265 2690 adhibi-

159 2737 222 2796 tam
237 2732 331 2796 talem
346 2731 453 2815 fuisse,
474 2736 511 2796 ut
525 2733 710 2817 praepositio
730 2751 855 2817 perraro
871 2731 1045 2816 adderetur,
1067 2732 1123 2798 sed
1145 2752 1267 2819 semper

158 2838 222 2903 iere
244 2839 440 2903 accusativus
463 2845 637 2923 poneretur.

247 2943 276 3012 7.
320 2944 393 3008 Jam
415 2963 489 3008 vcro
513 2945 680 3010 dicendum
703 2948 751 3010 est
772 2945 811 3010 de
831 2945 872 3010 iis
894 2943 1014 3027 verbis,
1038 2964 1119 3029 quae
1141 2965 1267 3010 accusa·

158 3053 260 3117 tivum
284 3058 315 3117 et
336 3072 485 3138 personae
503 3057 535 3116 et
551 3053 598 3117 rei
621 3052 808 3134 adsciscunt,
830 3051 925 3115 verba
942 3052 1100 3136 poscendi,
1123 3050 1266 3135 docendi,

159 3159 298 3243 rogandi,
329 3159 450 3223 celandi
481 3160 549 3223 sim.
581 3158 659 3224 dico.
711 3158 936 3222 Adnotandum
969 3163 1029 3240 est,
1061 3157 1145 3242 apud
1173 3157 1266 3222 Fron·

161 3267 260 3329 tinum
297 3284 461 3348 nunquam
493 3285 512 3328 a
542 3264 649 3329 verbis
680 3264 829 3349 poscendi
861 3263 1019 3348 duplicem
1050 3266 1266 3329 accusativum

159 3372 303 3455 pendere,
321 3371 376 3434 aed
398 3389 521 3454 semper
535 3372 748 3436 accusativum
763 3375 884 3434 tantum
901 3372 946 3434 rei
961 3371 1105 3434 inveniri.
1144 3368 1266 3435 Deinde

159 3478 451 3542 commemoratione
478 3477 610 3560 dignum
637 3482 696 3560 est,
722 3479 757 3541 in
783 3476 852 3541 libr.
881 3476 920 3540 de
950 3497 1021 3561 aqu.
1048 3495 1171 3560 semper
1200 3495 1265 3540 uno

159 3584 226 3648 loco
250 3587 378 3667 excepto
398 3584 456 3667 (pg.
472 3589 524 3666 46,
544 3588 584 3648 28
605 3605 686 3668 opas
698 3583 801 3669 poscit
819 3581 944 3668 caram)
963 3583 1096 3647 verbum
1118 3583 1267 3669 exaperadi

158 3695 345 3774 usurpatum
367 3708 444 3773 esse,
467 3689 503 3756 of.
526 3711 575 3774 pg.
602 3696 683 3773 1,1;
708 3698 737 3772 5,
760 3697 864 3770 515,
887 3696 936 3772 11,
960 3695 988 3754 4.
1008 3697 1036 3755 8.
1058 3694 1113 3768 263
1138 3694 1264 3770 29,14;

161 3803 211 3881 35,
236 3803 269 3876 23
295 3802 346 3878 44,
370 3801 425 3875 273
451 3801 501 3878 47,
526 3801 553 3859 2.
599 3795 669 3861 Hoc
691 3795 822 3861 verbum
845 3796 927 3880 apud
956 3797 1135 3880 posterIoris
1158 3796 1266 3866 aetatis

161 3949 369 3958 —————.-

249 4025 269 4094 ¹)
287 4023 329 4080 Of.
349 4023 448 4092 Krebs,
466 4023 668 4082 Antibarbarus
686 4043 708 4083 s.
727 4043 753 4081 v.
771 4029 800 4080 et
817 4025 914 4096 Drseg.
934 4023 958 4080 1.
977 4041 1022 4096 pg.
1041 4023 1102 4081 381.
