<?xml version="1.0" encoding="UTF-8"?>
<!DOCTYPE html PUBLIC "-//W3C//DTD XHTML 1.0 Transitional//EN"
    "http://www.w3.org/TR/xhtml1/DTD/xhtml1-transitional.dtd">
<html xmlns="http://www.w3.org/1999/xhtml" xml:lang="en" lang="en">
 <head>
  <title>
</title>
<meta http-equiv="Content-Type" content="text/html;charset=utf-8" />
  <meta name='ocr-system' content='tesseract 3.04.00' />
  <meta name='ocr-capabilities' content='ocr_page ocr_carea ocr_par ocr_line ocrx_word'/>
</head>
<body>
  <div class='ocr_page' id='page_1' title='image "./quaestionosgram00kortgoog_0080.png"; bbox 0 0 3062 4540; ppageno 0'>
   <div class='ocr_carea' id='block_1_1' title="bbox 704 221 745 283">
    <p class='ocr_par' dir='ltr' id='par_1_1' title="bbox 704 221 745 283">
     <span class='ocr_line' id='line_1_1' title="bbox 704 221 745 283; baseline 0 0"><span class='ocrx_word' id='word_1_1' title='bbox 704 221 745 283; x_wconf 78' lang='lat'><strong>75</strong></span> 
     </span>
    </p>
   </div>
   <div class='ocr_carea' id='block_1_2' title="bbox 164 415 1280 1353">
    <p class='ocr_par' dir='ltr' id='par_1_2' title="bbox 164 415 1280 1353">
     <span class='ocr_line' id='line_1_2' title="bbox 166 415 1280 502; baseline 0.004 -23"><span class='ocrx_word' id='word_1_2' title='bbox 166 415 253 480; x_wconf 93' lang='lat' dir='ltr'><strong>illius</strong></span> <span class='ocrx_word' id='word_1_3' title='bbox 270 417 511 480; x_wconf 76' lang='lat' dir='ltr'><strong>constructionis</strong></span> <span class='ocrx_word' id='word_1_4' title='bbox 527 417 737 500; x_wconf 79' lang='lat' dir='ltr'>acquiescere,</span> <span class='ocrx_word' id='word_1_5' title='bbox 753 416 870 500; x_wconf 89' lang='lat' dir='ltr'><strong>quibus</strong></span> <span class='ocrx_word' id='word_1_6' title='bbox 886 417 1007 502; x_wconf 88' lang='lat' dir='ltr'><strong>aliquid</strong></span> <span class='ocrx_word' id='word_1_7' title='bbox 1022 418 1165 484; x_wconf 71' lang='lat' dir='ltr'><strong>inusitati</strong></span> <span class='ocrx_word' id='word_1_8' title='bbox 1179 420 1280 486; x_wconf 86' lang='lat' dir='ltr'><strong>inesse</strong></span> 
     </span>
     <span class='ocr_line' id='line_1_3' title="bbox 165 521 1278 610; baseline 0.004 -24"><span class='ocrx_word' id='word_1_9' title='bbox 165 522 247 586; x_wconf 89' lang='lat' dir='ltr'><strong>mihi</strong></span> <span class='ocrx_word' id='word_1_10' title='bbox 265 521 397 587; x_wconf 89' lang='lat' dir='ltr'><strong>videtur.</strong></span> <span class='ocrx_word' id='word_1_11' title='bbox 438 521 608 586; x_wconf 80' lang='lat' dir='ltr'><strong>Frontinus</strong></span> <span class='ocrx_word' id='word_1_12' title='bbox 631 524 716 586; x_wconf 90' lang='lat' dir='ltr'><strong>enim</strong></span> <span class='ocrx_word' id='word_1_13' title='bbox 739 524 858 608; x_wconf 85' lang='lat' dir='ltr'><strong>aliquot</strong></span> <span class='ocrx_word' id='word_1_14' title='bbox 879 526 957 588; x_wconf 88' lang='lat' dir='ltr'><strong>locis</strong></span> <span class='ocrx_word' id='word_1_15' title='bbox 975 543 1140 610; x_wconf 87' lang='lat' dir='ltr'><strong>personam</strong></span> <span class='ocrx_word' id='word_1_16' title='bbox 1162 526 1196 588; x_wconf 92' lang='lat' dir='ltr'><strong>in</strong></span> <span class='ocrx_word' id='word_1_17' title='bbox 1210 527 1278 594; x_wconf 81' lang='lat' dir='ltr'><strong>boo</strong></span> 
     </span>
     <span class='ocr_line' id='line_1_4' title="bbox 166 628 1279 713; baseline 0.004 -21"><span class='ocrx_word' id='word_1_18' title='bbox 166 647 241 692; x_wconf 89' lang='lat' dir='ltr'><strong>casu</strong></span> <span class='ocrx_word' id='word_1_19' title='bbox 272 630 388 713; x_wconf 89' lang='lat' dir='ltr'><strong>posuit,</strong></span> <span class='ocrx_word' id='word_1_20' title='bbox 421 628 506 711; x_wconf 92' lang='lat' dir='ltr'><strong>quod</strong></span> <span class='ocrx_word' id='word_1_21' title='bbox 538 629 681 693; x_wconf 91' lang='lat' dir='ltr'><strong>meliores</strong></span> <span class='ocrx_word' id='word_1_22' title='bbox 708 631 873 713; x_wconf 83' lang='lat' dir='ltr'><strong>scriptores</strong></span> <span class='ocrx_word' id='word_1_23' title='bbox 904 633 1005 696; x_wconf 87' lang='lat' dir='ltr'><strong>rarius</strong></span> <span class='ocrx_word' id='word_1_24' title='bbox 1037 631 1138 696; x_wconf 85' lang='lat' dir='ltr'><strong>faeere</strong></span> <span class='ocrx_word' id='word_1_25' title='bbox 1171 632 1279 698; x_wconf 84' lang='lat' dir='ltr'><strong>solent</strong></span> 
     </span>
     <span class='ocr_line' id='line_1_5' title="bbox 165 733 1279 820; baseline 0.005 -22"><span class='ocrx_word' id='word_1_26' title='bbox 165 733 294 800; x_wconf 90' lang='lat' dir='ltr'><strong>Praeter</strong></span> <span class='ocrx_word' id='word_1_27' title='bbox 315 753 408 798; x_wconf 86' lang='lat' dir='ltr'><strong>voces</strong></span> <span class='ocrx_word' id='word_1_28' title='bbox 431 735 553 819; x_wconf 69' lang='lat' dir='ltr'><strong>comae,</strong></span> <span class='ocrx_word' id='word_1_29' title='bbox 577 736 711 817; x_wconf 84' lang='lat' dir='ltr'><strong>armati,</strong></span> <span class='ocrx_word' id='word_1_30' title='bbox 736 737 1100 820; x_wconf 74' lang='lat' dir='ltr'><strong>ausilia,:proesiolium</strong></span> <span class='ocrx_word' id='word_1_31' title='bbox 1123 737 1279 816; x_wconf 84' lang='lat' dir='ltr'><strong>(omnibus</strong></span> 
     </span>
     <span class='ocr_line' id='line_1_6' title="bbox 165 841 1279 926; baseline 0.006 -22"><span class='ocrx_word' id='word_1_32' title='bbox 165 841 241 906; x_wconf 90' lang='lat' dir='ltr'><strong>locis</strong></span> <span class='ocrx_word' id='word_1_33' title='bbox 264 846 393 926; x_wconf 87' lang='lat' dir='ltr'><strong>excepto</strong></span> <span class='ocrx_word' id='word_1_34' title='bbox 416 846 468 905; x_wconf 91' lang='lat' dir='ltr'><strong>str.</strong></span> <span class='ocrx_word' id='word_1_35' title='bbox 493 841 549 906; x_wconf 93' lang='lat' dir='ltr'><strong>Ill.</strong></span> <span class='ocrx_word' id='word_1_36' title='bbox 574 848 609 923; x_wconf 85' lang='lat'><strong>3,</strong></span> <span class='ocrx_word' id='word_1_37' title='bbox 633 848 651 904; x_wconf 87' lang='lat'><strong>6</strong></span> <span class='ocrx_word' id='word_1_38' title='bbox 676 842 1083 926; x_wconf 65' lang='lat' dir='ltr'><strong>spumantemamnem</strong></span> <span class='ocrx_word' id='word_1_39' title='bbox 1109 844 1210 911; x_wconf 83' lang='lat' dir='ltr'><strong>affero.</strong></span> <span class='ocrx_word' id='word_1_40' title='bbox 1226 850 1279 912; x_wconf 91' lang='lat' dir='ltr'><strong>str.</strong></span> 
     </span>
     <span class='ocr_line' id='line_1_7' title="bbox 165 947 1280 1035; baseline 0.004 -24"><span class='ocrx_word' id='word_1_41' title='bbox 165 947 205 1011; x_wconf 94' lang='lat' dir='ltr'><strong>II.</strong></span> <span class='ocrx_word' id='word_1_42' title='bbox 235 954 269 1030; x_wconf 89' lang='lat'><strong>3,</strong></span> <span class='ocrx_word' id='word_1_43' title='bbox 298 954 314 1012; x_wconf 94' lang='lat'>1</span> <span class='ocrx_word' id='word_1_44' title='bbox 349 947 559 1014; x_wconf 78' lang='lat' dir='ltr'><strong>validissimis</strong></span> <span class='ocrx_word' id='word_1_45' title='bbox 585 947 741 1014; x_wconf 80' lang='lat' dir='ltr'><strong>militibus</strong></span> <span class='ocrx_word' id='word_1_46' title='bbox 767 953 987 1031; x_wconf 57' lang='lat' dir='ltr'><strong>arrotrebarum</strong></span> <span class='ocrx_word' id='word_1_47' title='bbox 1019 955 1052 1032; x_wconf 87' lang='grc'><strong>3,</strong></span> <span class='ocrx_word' id='word_1_48' title='bbox 1081 955 1099 1014; x_wconf 93' lang='grc'>2</span> <span class='ocrx_word' id='word_1_49' title='bbox 1129 950 1280 1035; x_wconf 84' lang='lat' dir='ltr'><strong>stipatum</strong></span> 
     </span>
     <span class='ocr_line' id='line_1_8' title="bbox 166 1053 1280 1142; baseline 0.002 -22"><span class='ocrx_word' id='word_1_50' title='bbox 166 1054 270 1121; x_wconf 83' lang='lat' dir='ltr'><strong>clectis</strong></span> <span class='ocrx_word' id='word_1_51' title='bbox 287 1053 383 1134; x_wconf 63' lang='lat' dir='ltr'><strong>sirim</strong></span> <span class='ocrx_word' id='word_1_52' title='bbox 407 1059 436 1134; x_wconf 87' lang='grc'><strong>3,</strong></span> <span class='ocrx_word' id='word_1_53' title='bbox 457 1057 497 1116; x_wconf 95' lang='grc'><strong>22</strong></span> <span class='ocrx_word' id='word_1_54' title='bbox 518 1053 679 1120; x_wconf 84' lang='lat' dir='ltr'><strong>tiromibus</strong></span> <span class='ocrx_word' id='word_1_55' title='bbox 696 1055 870 1139; x_wconf 62' lang='lat' dir='ltr'><strong>suppleuit·</strong></span> <span class='ocrx_word' id='word_1_56' title='bbox 893 1063 921 1137; x_wconf 88' lang='lat'><strong>9,</strong></span> <span class='ocrx_word' id='word_1_57' title='bbox 946 1057 965 1118; x_wconf 89' lang='lat'>9</span> <span class='ocrx_word' id='word_1_58' title='bbox 983 1056 1084 1122; x_wconf 85' lang='lat' dir='ltr'><strong>milite</strong></span> <span class='ocrx_word' id='word_1_59' title='bbox 1102 1057 1280 1142; x_wconf 58' lang='lat' dir='ltr'><strong>sumptuum</strong></span> 
     </span>
     <span class='ocr_line' id='line_1_9' title="bbox 164 1158 1279 1246; baseline 0.005 -23"><span class='ocrx_word' id='word_1_60' title='bbox 164 1159 219 1223; x_wconf 91' lang='lat' dir='ltr'><strong>IV.</strong></span> <span class='ocrx_word' id='word_1_61' title='bbox 244 1166 278 1243; x_wconf 86' lang='lat'><strong>2,</strong></span> <span class='ocrx_word' id='word_1_62' title='bbox 306 1168 324 1224; x_wconf 86' lang='lat'><strong>6</strong></span> <span class='ocrx_word' id='word_1_63' title='bbox 348 1158 505 1226; x_wconf 77' lang='lat' dir='ltr'><strong>militibus</strong></span> <span class='ocrx_word' id='word_1_64' title='bbox 526 1161 707 1244; x_wconf 84' lang='lat' dir='ltr'><strong>superauit;</strong></span> <span class='ocrx_word' id='word_1_65' title='bbox 734 1167 764 1242; x_wconf 83' lang='lat'><strong>7,</strong></span> <span class='ocrx_word' id='word_1_66' title='bbox 792 1167 832 1226; x_wconf 87' lang='lat'><strong>33</strong></span> <span class='ocrx_word' id='word_1_67' title='bbox 860 1161 1073 1246; x_wconf 81' lang='lat' dir='ltr'><strong>impleverunt</strong></span> <span class='ocrx_word' id='word_1_68' title='bbox 1085 1161 1279 1246; x_wconf 83' lang='lat' dir='ltr'><strong>fortissimis</strong></span> 
     </span>
     <span class='ocr_line' id='line_1_10' title="bbox 165 1266 1278 1353; baseline -0.001 -19"><span class='ocrx_word' id='word_1_69' title='bbox 165 1266 255 1334; x_wconf 78' lang='lat' dir='ltr'><strong>vicis.</strong></span> <span class='ocrx_word' id='word_1_70' title='bbox 300 1266 512 1331; x_wconf 83' lang='lat' dir='ltr'><strong>Inveniuntur</strong></span> <span class='ocrx_word' id='word_1_71' title='bbox 535 1285 662 1351; x_wconf 89' lang='lat' dir='ltr'><strong>quoque</strong></span> <span class='ocrx_word' id='word_1_72' title='bbox 689 1269 845 1353; x_wconf 85' lang='lat' dir='ltr'><strong>exempla,</strong></span> <span class='ocrx_word' id='word_1_73' title='bbox 872 1269 907 1332; x_wconf 90' lang='lat' dir='ltr'><strong>in</strong></span> <span class='ocrx_word' id='word_1_74' title='bbox 931 1267 1047 1352; x_wconf 88' lang='lat' dir='ltr'><strong>quibus</strong></span> <span class='ocrx_word' id='word_1_75' title='bbox 1070 1267 1201 1332; x_wconf 90' lang='lat' dir='ltr'><strong>dubium</strong></span> <span class='ocrx_word' id='word_1_76' title='bbox 1224 1274 1278 1350; x_wconf 82' lang='lat' dir='ltr'><strong>est,</strong></span> 
     </span>
    </p>
   </div>
   <div class='ocr_carea' id='block_1_3' title="bbox 67 1371 1278 1458">
    <p class='ocr_par' dir='ltr' id='par_1_3' title="bbox 67 1371 1278 1458">
     <span class='ocr_line' id='line_1_11' title="bbox 67 1371 1278 1458; baseline 0.003 -22"><span class='ocrx_word' id='word_1_77' title='bbox 67 1375 69 1384; x_wconf 83' lang='grc'>’</span> <span class='ocrx_word' id='word_1_78' title='bbox 167 1378 274 1438; x_wconf 90' lang='lat' dir='ltr'><strong>utrum</strong></span> <span class='ocrx_word' id='word_1_79' title='bbox 296 1392 430 1458; x_wconf 88' lang='lat' dir='ltr'><strong>persona</strong></span> <span class='ocrx_word' id='word_1_80' title='bbox 451 1373 486 1436; x_wconf 93' lang='lat' dir='ltr'><strong>in</strong></span> <span class='ocrx_word' id='word_1_81' title='bbox 509 1371 647 1436; x_wconf 85' lang='lat' dir='ltr'><strong>ablativo</strong></span> <span class='ocrx_word' id='word_1_82' title='bbox 671 1374 872 1438; x_wconf 87' lang='lat' dir='ltr'><strong>instrumenti</strong></span> <span class='ocrx_word' id='word_1_83' title='bbox 894 1395 936 1438; x_wconf 89' lang='lat' dir='ltr'><strong>an</strong></span> <span class='ocrx_word' id='word_1_84' title='bbox 958 1377 992 1438; x_wconf 92' lang='lat' dir='ltr'><strong>in</strong></span> <span class='ocrx_word' id='word_1_85' title='bbox 1015 1375 1119 1438; x_wconf 83' lang='lat' dir='ltr'><strong>dativo</strong></span> <span class='ocrx_word' id='word_1_86' title='bbox 1142 1377 1278 1440; x_wconf 86' lang='lat' dir='ltr'><strong>auctoris</strong></span> 
     </span>
    </p>
   </div>
   <div class='ocr_carea' id='block_1_4' title="bbox 160 1478 1353 4120">
    <p class='ocr_par' dir='ltr' id='par_1_4' title="bbox 164 1478 1278 1883">
     <span class='ocr_line' id='line_1_12' title="bbox 165 1478 1278 1566; baseline 0.002 -22"><span class='ocrx_word' id='word_1_87' title='bbox 165 1482 266 1564; x_wconf 86' lang='lat' dir='ltr'><strong>posita</strong></span> <span class='ocrx_word' id='word_1_88' title='bbox 289 1481 337 1544; x_wconf 89' lang='lat' dir='ltr'><strong>sit</strong></span> <span class='ocrx_word' id='word_1_89' title='bbox 382 1478 444 1543; x_wconf 85' lang='lat' dir='ltr'><strong>Sed</strong></span> <span class='ocrx_word' id='word_1_90' title='bbox 467 1498 540 1542; x_wconf 88' lang='lat' dir='ltr'><strong>cum</strong></span> <span class='ocrx_word' id='word_1_91' title='bbox 562 1479 611 1543; x_wconf 92' lang='lat' dir='ltr'><strong>his</strong></span> <span class='ocrx_word' id='word_1_92' title='bbox 633 1479 709 1544; x_wconf 90' lang='lat' dir='ltr'><strong>locis</strong></span> <span class='ocrx_word' id='word_1_93' title='bbox 732 1480 803 1564; x_wconf 90' lang='lat' dir='ltr'><strong>(III.</strong></span> <span class='ocrx_word' id='word_1_94' title='bbox 828 1489 861 1562; x_wconf 88' lang='lat'><strong>6,</strong></span> <span class='ocrx_word' id='word_1_95' title='bbox 885 1489 919 1562; x_wconf 83' lang='lat'><strong>4;</strong></span> <span class='ocrx_word' id='word_1_96' title='bbox 942 1482 983 1546; x_wconf 90' lang='grc' dir='ltr'><strong>Π.</strong></span> <span class='ocrx_word' id='word_1_97' title='bbox 1008 1489 1043 1564; x_wconf 86' lang='lat'><strong>6,</strong></span> <span class='ocrx_word' id='word_1_98' title='bbox 1067 1485 1119 1563; x_wconf 82' lang='lat'><strong>26)</strong></span> <span class='ocrx_word' id='word_1_99' title='bbox 1146 1500 1278 1566; x_wconf 86' lang='lat' dir='ltr'><strong>persona</strong></span> 
     </span>
     <span class='ocr_line' id='line_1_13' title="bbox 164 1586 1276 1672; baseline 0.002 -22"><span class='ocrx_word' id='word_1_100' title='bbox 164 1587 273 1650; x_wconf 89' lang='lat' dir='ltr'><strong>minus</strong></span> <span class='ocrx_word' id='word_1_101' title='bbox 292 1588 536 1650; x_wconf 87' lang='lat' dir='ltr'><strong>instrumentum</strong></span> <span class='ocrx_word' id='word_1_102' title='bbox 555 1586 674 1670; x_wconf 85' lang='lat' dir='ltr'><strong>sitque</strong></span> <span class='ocrx_word' id='word_1_103' title='bbox 693 1587 815 1670; x_wconf 88' lang='lat' dir='ltr'><strong>aliquid</strong></span> <span class='ocrx_word' id='word_1_104' title='bbox 830 1588 972 1670; x_wconf 84' lang='lat' dir='ltr'><strong>efficitur,</strong></span> <span class='ocrx_word' id='word_1_105' title='bbox 988 1608 1084 1672; x_wconf 89' lang='lat' dir='ltr'><strong>quam</strong></span> <span class='ocrx_word' id='word_1_106' title='bbox 1100 1587 1276 1654; x_wconf 89' lang='lat' dir='ltr'><strong>subiectum</strong></span> 
     </span>
     <span class='ocr_line' id='line_1_14' title="bbox 167 1691 1277 1779; baseline 0.001 -22"><span class='ocrx_word' id='word_1_107' title='bbox 167 1694 251 1776; x_wconf 92' lang='lat' dir='ltr'><strong>quod</strong></span> <span class='ocrx_word' id='word_1_108' title='bbox 281 1695 358 1778; x_wconf 83' lang='lat' dir='ltr'><strong>agit,</strong></span> <span class='ocrx_word' id='word_1_109' title='bbox 385 1692 527 1756; x_wconf 86' lang='lat' dir='ltr'><strong>dativum</strong></span> <span class='ocrx_word' id='word_1_110' title='bbox 554 1693 689 1758; x_wconf 84' lang='lat' dir='ltr'><strong>auctoris</strong></span> <span class='ocrx_word' id='word_1_111' title='bbox 716 1713 789 1758; x_wconf 88' lang='lat' dir='ltr'><strong>cum</strong></span> <span class='ocrx_word' id='word_1_112' title='bbox 811 1691 922 1779; x_wconf 85' lang='lat' dir='ltr'><strong>Draeg.</strong></span> <span class='ocrx_word' id='word_1_113' title='bbox 949 1694 974 1758; x_wconf 95' lang='lat' dir='ltr'><strong>I.</strong></span> <span class='ocrx_word' id='word_1_114' title='bbox 997 1715 1046 1779; x_wconf 86' lang='lat' dir='ltr'><strong>pg.</strong></span> <span class='ocrx_word' id='word_1_115' title='bbox 1075 1702 1138 1760; x_wconf 87' lang='lat'><strong>609</strong></span> <span class='ocrx_word' id='word_1_116' title='bbox 1166 1700 1277 1760; x_wconf 87' lang='lat' dir='ltr'><strong>statuo.</strong></span> 
     </span>
     <span class='ocr_line' id='line_1_15' title="bbox 166 1798 1274 1883; baseline -0.001 -21"><span class='ocrx_word' id='word_1_117' title='bbox 166 1798 208 1863; x_wconf 81' lang='lat' dir='ltr'><strong>of.</strong></span> <span class='ocrx_word' id='word_1_118' title='bbox 232 1799 261 1862; x_wconf 92' lang='lat' dir='ltr'><strong>b.</strong></span> <span class='ocrx_word' id='word_1_119' title='bbox 285 1819 383 1882; x_wconf 81' lang='lat' dir='ltr'><strong>apg.</strong></span> <span class='ocrx_word' id='word_1_120' title='bbox 408 1804 465 1878; x_wconf 83' lang='lat'><strong>54;</strong></span> <span class='ocrx_word' id='word_1_121' title='bbox 489 1819 538 1883; x_wconf 86' lang='lat' dir='ltr'><strong>pg.</strong></span> <span class='ocrx_word' id='word_1_122' title='bbox 564 1805 614 1863; x_wconf 82' lang='lat'><strong>64.</strong></span> <span class='ocrx_word' id='word_1_123' title='bbox 1271 1841 1274 1846; x_wconf 93' lang='lat'>-</span> 
     </span>
    </p>

    <p class='ocr_par' dir='ltr' id='par_1_5' title="bbox 163 1904 1277 2418">
     <span class='ocr_line' id='line_1_16' title="bbox 253 1904 1277 1993; baseline 0.004 -23"><span class='ocrx_word' id='word_1_124' title='bbox 253 1904 374 1970; x_wconf 88' lang='lat' dir='ltr'><strong>Deinde</strong></span> <span class='ocrx_word' id='word_1_125' title='bbox 406 1905 581 1970; x_wconf 90' lang='lat' dir='ltr'><strong>notandum</strong></span> <span class='ocrx_word' id='word_1_126' title='bbox 613 1911 673 1990; x_wconf 90' lang='lat' dir='ltr'><strong>est,</strong></span> <span class='ocrx_word' id='word_1_127' title='bbox 707 1905 895 1971; x_wconf 80' lang='lat' dir='ltr'><strong>Frontinum</strong></span> <span class='ocrx_word' id='word_1_128' title='bbox 927 1908 1052 1993; x_wconf 87' lang='lat' dir='ltr'><strong>saepius</strong></span> <span class='ocrx_word' id='word_1_129' title='bbox 1083 1909 1151 1974; x_wconf 92' lang='lat' dir='ltr'><strong>loco</strong></span> <span class='ocrx_word' id='word_1_130' title='bbox 1182 1909 1277 1974; x_wconf 86' lang='lat' dir='ltr'><strong>huius</strong></span> 
     </span>
     <span class='ocr_line' id='line_1_17' title="bbox 164 2013 1277 2100; baseline 0.003 -23"><span class='ocrx_word' id='word_1_131' title='bbox 164 2013 294 2078; x_wconf 87' lang='lat' dir='ltr'><strong>ablativi</strong></span> <span class='ocrx_word' id='word_1_132' title='bbox 325 2013 584 2098; x_wconf 76' lang='lat' dir='ltr'><strong>praepositionem</strong></span> <span class='ocrx_word' id='word_1_133' title='bbox 612 2034 674 2096; x_wconf 84' lang='lat' dir='ltr'><strong>per</strong></span> <span class='ocrx_word' id='word_1_134' title='bbox 704 2015 858 2099; x_wconf 88' lang='lat' dir='ltr'><strong>posuisse,</strong></span> <span class='ocrx_word' id='word_1_135' title='bbox 890 2020 926 2079; x_wconf 90' lang='lat' dir='ltr'><strong>ut</strong></span> <span class='ocrx_word' id='word_1_136' title='bbox 955 2033 1035 2097; x_wconf 88' lang='lat' dir='ltr'><strong>rem,</strong></span> <span class='ocrx_word' id='word_1_137' title='bbox 1068 2036 1131 2100; x_wconf 89' lang='lat' dir='ltr'><strong>qua</strong></span> <span class='ocrx_word' id='word_1_138' title='bbox 1157 2015 1277 2100; x_wconf 89' lang='lat' dir='ltr'><strong>aliquid</strong></span> 
     </span>
     <span class='ocr_line' id='line_1_18' title="bbox 164 2116 1277 2205; baseline 0.002 -21"><span class='ocrx_word' id='word_1_139' title='bbox 164 2119 305 2202; x_wconf 87' lang='lat' dir='ltr'><strong>efficitur,</strong></span> <span class='ocrx_word' id='word_1_140' title='bbox 323 2118 518 2202; x_wconf 83' lang='lat' dir='ltr'><strong>significaret.</strong></span> <span class='ocrx_word' id='word_1_141' title='bbox 557 2116 619 2182; x_wconf 90' lang='lat' dir='ltr'><strong>Hic</strong></span> <span class='ocrx_word' id='word_1_142' title='bbox 634 2137 712 2183; x_wconf 90' lang='lat' dir='ltr'><strong>usus</strong></span> <span class='ocrx_word' id='word_1_143' title='bbox 729 2121 963 2204; x_wconf 82' lang='lat' dir='ltr'><strong>praepositionis</strong></span> <span class='ocrx_word' id='word_1_144' title='bbox 981 2122 1133 2205; x_wconf 78' lang='lat' dir='ltr'><strong>perinde</strong></span> <span class='ocrx_word' id='word_1_145' title='bbox 1152 2119 1277 2186; x_wconf 85' lang='lat' dir='ltr'><strong>aLivio</strong></span> 
     </span>
     <span class='ocr_line' id='line_1_19' title="bbox 164 2225 1275 2313; baseline 0.001 -23"><span class='ocrx_word' id='word_1_146' title='bbox 164 2226 246 2311; x_wconf 90' lang='lat' dir='ltr'><strong>apud</strong></span> <span class='ocrx_word' id='word_1_147' title='bbox 264 2243 375 2310; x_wconf 90' lang='lat' dir='ltr'><strong>prosae</strong></span> <span class='ocrx_word' id='word_1_148' title='bbox 393 2226 541 2290; x_wconf 90' lang='lat' dir='ltr'><strong>orationis</strong></span> <span class='ocrx_word' id='word_1_149' title='bbox 560 2227 725 2310; x_wconf 85' lang='lat' dir='ltr'><strong>scriptores</strong></span> <span class='ocrx_word' id='word_1_150' title='bbox 740 2226 836 2300; x_wconf 86' lang='lat' dir='ltr'><strong>latins</strong></span> <span class='ocrx_word' id='word_1_151' title='bbox 853 2236 959 2312; x_wconf 88' lang='lat' dir='ltr'><strong>patere</strong></span> <span class='ocrx_word' id='word_1_152' title='bbox 977 2229 1078 2313; x_wconf 91' lang='lat' dir='ltr'><strong>coepit</strong></span> <span class='ocrx_word' id='word_1_153' title='bbox 1096 2228 1145 2310; x_wconf 87' lang='lat' dir='ltr'><strong>(ci.</strong></span> <span class='ocrx_word' id='word_1_154' title='bbox 1164 2225 1275 2312; x_wconf 81' lang='lat' dir='ltr'><strong>Draeg.</strong></span> 
     </span>
     <span class='ocr_line' id='line_1_20' title="bbox 163 2331 944 2418; baseline 0 -21"><span class='ocrx_word' id='word_1_155' title='bbox 163 2333 188 2396; x_wconf 92' lang='lat' dir='ltr'><strong>I.</strong></span> <span class='ocrx_word' id='word_1_156' title='bbox 211 2353 261 2418; x_wconf 85' lang='lat' dir='ltr'><strong>pg.</strong></span> <span class='ocrx_word' id='word_1_157' title='bbox 287 2331 378 2416; x_wconf 82' lang='lat'><strong>604);</strong></span> <span class='ocrx_word' id='word_1_158' title='bbox 402 2332 457 2396; x_wconf 89' lang='lat' dir='ltr'><strong>sed</strong></span> <span class='ocrx_word' id='word_1_159' title='bbox 480 2332 519 2396; x_wconf 92' lang='lat' dir='ltr'><strong>de</strong></span> <span class='ocrx_word' id='word_1_160' title='bbox 541 2333 600 2396; x_wconf 90' lang='lat' dir='ltr'><strong>hoc</strong></span> <span class='ocrx_word' id='word_1_161' title='bbox 622 2351 683 2396; x_wconf 86' lang='lat' dir='ltr'><strong>usu</strong></span> <span class='ocrx_word' id='word_1_162' title='bbox 706 2352 797 2417; x_wconf 89' lang='lat' dir='ltr'><strong>agam</strong></span> <span class='ocrx_word' id='word_1_163' title='bbox 819 2349 869 2418; x_wconf 86' lang='lat' dir='ltr'><strong>pg.</strong></span> <span class='ocrx_word' id='word_1_164' title='bbox 894 2340 944 2398; x_wconf 85' lang='lat'><strong>84.</strong></span> 
     </span>
    </p>

    <p class='ocr_par' dir='ltr' id='par_1_6' title="bbox 160 2438 1353 4120">
     <span class='ocr_line' id='line_1_21' title="bbox 251 2438 1276 2525; baseline 0.002 -23"><span class='ocrx_word' id='word_1_165' title='bbox 251 2438 290 2503; x_wconf 89' lang='lat' dir='ltr'><strong>Id</strong></span> <span class='ocrx_word' id='word_1_166' title='bbox 309 2457 435 2524; x_wconf 89' lang='lat' dir='ltr'><strong>quoque</strong></span> <span class='ocrx_word' id='word_1_167' title='bbox 452 2439 505 2502; x_wconf 92' lang='lat' dir='ltr'><strong>hic</strong></span> <span class='ocrx_word' id='word_1_168' title='bbox 522 2457 745 2521; x_wconf 87' lang='lat' dir='ltr'><strong>commemoro,</strong></span> <span class='ocrx_word' id='word_1_169' title='bbox 762 2458 828 2503; x_wconf 91' lang='lat' dir='ltr'><strong>uno</strong></span> <span class='ocrx_word' id='word_1_170' title='bbox 846 2441 916 2504; x_wconf 90' lang='lat' dir='ltr'><strong>loco</strong></span> <span class='ocrx_word' id='word_1_171' title='bbox 933 2441 996 2525; x_wconf 88' lang='lat' dir='ltr'><strong>legi</strong></span> <span class='ocrx_word' id='word_1_172' title='bbox 1014 2441 1276 2525; x_wconf 77' lang='lat' dir='ltr'><strong>praepositionem</strong></span> 
     </span>
     <span class='ocr_line' id='line_1_22' title="bbox 164 2544 1274 2630; baseline -0.003 -17"><span class='ocrx_word' id='word_1_173' title='bbox 164 2545 216 2628; x_wconf 82' lang='lat' dir='ltr'><strong>ab,</strong></span> <span class='ocrx_word' id='word_1_174' title='bbox 249 2544 306 2609; x_wconf 93' lang='lat' dir='ltr'><strong>ubi</strong></span> <span class='ocrx_word' id='word_1_175' title='bbox 332 2546 437 2630; x_wconf 91' lang='lat' dir='ltr'><strong>potius</strong></span> <span class='ocrx_word' id='word_1_176' title='bbox 468 2545 574 2610; x_wconf 89' lang='lat' dir='ltr'><strong>nudus</strong></span> <span class='ocrx_word' id='word_1_177' title='bbox 606 2545 760 2610; x_wconf 85' lang='lat' dir='ltr'><strong>ablativus</strong></span> <span class='ocrx_word' id='word_1_178' title='bbox 792 2551 1003 2630; x_wconf 85' lang='lat' dir='ltr'><strong>exspectatur:</strong></span> <span class='ocrx_word' id='word_1_179' title='bbox 1036 2552 1087 2611; x_wconf 91' lang='lat' dir='ltr'><strong>str.</strong></span> <span class='ocrx_word' id='word_1_180' title='bbox 1120 2545 1160 2610; x_wconf 91' lang='lat' dir='ltr'><strong>II.</strong></span> <span class='ocrx_word' id='word_1_181' title='bbox 1189 2552 1223 2627; x_wconf 87' lang='grc'><strong>4,</strong></span> <span class='ocrx_word' id='word_1_182' title='bbox 1255 2552 1274 2610; x_wconf 88' lang='grc'>9</span> 
     </span>
     <span class='ocr_line' id='line_1_23' title="bbox 164 2650 1276 2734; baseline -0.003 -16"><span class='ocrx_word' id='word_1_183' title='bbox 164 2651 361 2718; x_wconf 81' lang='lat' dir='ltr'><strong>consternati</strong></span> <span class='ocrx_word' id='word_1_184' title='bbox 379 2673 401 2719; x_wconf 87' lang='lat' dir='ltr'><strong>o</strong></span> <span class='ocrx_word' id='word_1_185' title='bbox 418 2651 602 2734; x_wconf 68' lang='lat' dir='ltr'><strong>mendacim</strong></span> <span class='ocrx_word' id='word_1_186' title='bbox 619 2653 690 2715; x_wconf 91' lang='lat' dir='ltr'><strong>aliis</strong></span> <span class='ocrx_word' id='word_1_187' title='bbox 708 2652 889 2716; x_wconf 89' lang='lat' dir='ltr'><strong>huiusmodi</strong></span> <span class='ocrx_word' id='word_1_188' title='bbox 906 2652 983 2716; x_wconf 91' lang='lat' dir='ltr'><strong>locis</strong></span> <span class='ocrx_word' id='word_1_189' title='bbox 998 2652 1104 2716; x_wconf 91' lang='lat' dir='ltr'><strong>nudus</strong></span> <span class='ocrx_word' id='word_1_190' title='bbox 1119 2650 1276 2716; x_wconf 85' lang='lat' dir='ltr'><strong>ablativus</strong></span> 
     </span>
     <span class='ocr_line' id='line_1_24' title="bbox 163 2757 1275 2842; baseline 0.004 -22"><span class='ocrx_word' id='word_1_191' title='bbox 163 2759 303 2842; x_wconf 87' lang='lat' dir='ltr'><strong>ponitur,</strong></span> <span class='ocrx_word' id='word_1_192' title='bbox 325 2759 361 2824; x_wconf 86' lang='lat' dir='ltr'><strong>cf.</strong></span> <span class='ocrx_word' id='word_1_193' title='bbox 384 2763 436 2823; x_wconf 90' lang='lat' dir='ltr'><strong>str.</strong></span> <span class='ocrx_word' id='word_1_194' title='bbox 460 2757 500 2821; x_wconf 91' lang='lat' dir='ltr'><strong>II.</strong></span> <span class='ocrx_word' id='word_1_195' title='bbox 526 2765 559 2840; x_wconf 84' lang='lat'><strong>4,</strong></span> <span class='ocrx_word' id='word_1_196' title='bbox 586 2764 625 2822; x_wconf 84' lang='lat'><strong>12</strong></span> <span class='ocrx_word' id='word_1_197' title='bbox 650 2758 792 2826; x_wconf 81' lang='lat' dir='ltr'><strong>monitate</strong></span> <span class='ocrx_word' id='word_1_198' title='bbox 814 2758 1012 2825; x_wconf 81' lang='lat' dir='ltr'><strong>consternati</strong></span> <span class='ocrx_word' id='word_1_199' title='bbox 1019 2778 1030 2839; x_wconf 89' lang='lat'><em>;</em></span> <span class='ocrx_word' id='word_1_200' title='bbox 1053 2765 1087 2839; x_wconf 83' lang='grc'><strong>9,</strong></span> <span class='ocrx_word' id='word_1_201' title='bbox 1110 2765 1129 2822; x_wconf 80' lang='lat'>5</span> <span class='ocrx_word' id='word_1_202' title='bbox 1155 2762 1275 2825; x_wconf 81' lang='lat' dir='ltr'><strong>antemio</strong></span> 
     </span>
     <span class='ocr_line' id='line_1_25' title="bbox 164 2862 1295 2948; baseline -0.003 -19"><span class='ocrx_word' id='word_1_203' title='bbox 164 2865 371 2932; x_wconf 73' lang='lat' dir='ltr'><strong>commembri.</strong></span> <span class='ocrx_word' id='word_1_204' title='bbox 413 2863 515 2928; x_wconf 84' lang='lat' dir='ltr'><strong>Semel</strong></span> <span class='ocrx_word' id='word_1_205' title='bbox 534 2865 629 2928; x_wconf 89' lang='lat' dir='ltr'><strong>etiam</strong></span> <span class='ocrx_word' id='word_1_206' title='bbox 651 2865 813 2928; x_wconf 87' lang='lat' dir='ltr'><strong>invenitur</strong></span> <span class='ocrx_word' id='word_1_207' title='bbox 830 2864 870 2932; x_wconf 87' lang='lat' dir='ltr'><strong>ab</strong></span> <span class='ocrx_word' id='word_1_208' title='bbox 891 2863 1032 2948; x_wconf 83' lang='lat' dir='ltr'><strong>pendens</strong></span> <span class='ocrx_word' id='word_1_209' title='bbox 1050 2862 1089 2927; x_wconf 90' lang='lat' dir='ltr'><strong>ab</strong></span> <span class='ocrx_word' id='word_1_210' title='bbox 1108 2863 1295 2928; x_wconf 65' lang='lat' dir='ltr'><strong>adientium·</strong></span> 
     </span>
     <span class='ocr_line' id='line_1_26' title="bbox 164 2967 1353 3056; baseline 0.002 -22"><span class='ocrx_word' id='word_1_211' title='bbox 164 2976 216 3037; x_wconf 89' lang='lat' dir='ltr'><strong>str.</strong></span> <span class='ocrx_word' id='word_1_212' title='bbox 238 2970 263 3035; x_wconf 95' lang='lat' dir='ltr'><strong>I.</strong></span> <span class='ocrx_word' id='word_1_213' title='bbox 284 2976 313 3054; x_wconf 90' lang='grc'><strong>2,</strong></span> <span class='ocrx_word' id='word_1_214' title='bbox 336 2979 355 3036; x_wconf 88' lang='grc'>9</span> <span class='ocrx_word' id='word_1_215' title='bbox 380 2971 418 3038; x_wconf 84' lang='lat' dir='ltr'><strong>ab</strong></span> <span class='ocrx_word' id='word_1_216' title='bbox 441 2972 558 3039; x_wconf 78' lang='lat' dir='ltr'><strong>itinere</strong></span> <span class='ocrx_word' id='word_1_217' title='bbox 576 2971 777 3056; x_wconf 80' lang='lat' dir='ltr'><strong>striposiores</strong></span> <span class='ocrx_word' id='word_1_218' title='bbox 798 2991 894 3053; x_wconf 80' lang='lat' dir='ltr'><strong>equos</strong></span> <span class='ocrx_word' id='word_1_219' title='bbox 916 2971 966 3052; x_wconf 90' lang='lat' dir='ltr'><strong>(of.</strong></span> <span class='ocrx_word' id='word_1_220' title='bbox 985 2967 1038 3032; x_wconf 92' lang='lat' dir='ltr'><strong>Dr.</strong></span> <span class='ocrx_word' id='word_1_221' title='bbox 1061 2968 1085 3032; x_wconf 92' lang='lat'><strong>1.</strong></span> <span class='ocrx_word' id='word_1_222' title='bbox 1108 2989 1158 3054; x_wconf 86' lang='lat' dir='ltr'><strong>pg.</strong></span> <span class='ocrx_word' id='word_1_223' title='bbox 1182 2971 1274 3051; x_wconf 83' lang='lat'><strong>560);</strong></span> <span class='ocrx_word' id='word_1_224' title='bbox 1351 3021 1353 3023; x_wconf 83' lang='lat'>-</span> 
     </span>
     <span class='ocr_line' id='line_1_27' title="bbox 164 3075 1276 3163; baseline 0.003 -23"><span class='ocrx_word' id='word_1_225' title='bbox 164 3077 308 3141; x_wconf 89' lang='lat' dir='ltr'><strong>similiter</strong></span> <span class='ocrx_word' id='word_1_226' title='bbox 328 3096 431 3163; x_wconf 88' lang='lat' dir='ltr'><strong>praep.</strong></span> <span class='ocrx_word' id='word_1_227' title='bbox 455 3099 494 3144; x_wconf 84' lang='lat' dir='ltr'><strong>eoo</strong></span> <span class='ocrx_word' id='word_1_228' title='bbox 516 3078 625 3142; x_wconf 87' lang='lat' dir='ltr'><strong>eodem</strong></span> <span class='ocrx_word' id='word_1_229' title='bbox 648 3078 729 3142; x_wconf 93' lang='lat' dir='ltr'><strong>loco:</strong></span> <span class='ocrx_word' id='word_1_230' title='bbox 754 3077 946 3145; x_wconf 76' lang='lat' dir='ltr'><strong>coloratioru</strong></span> <span class='ocrx_word' id='word_1_231' title='bbox 969 3075 1153 3158; x_wconf 79' lang='lat' dir='ltr'><strong>homimum,</strong></span> <span class='ocrx_word' id='word_1_232' title='bbox 1178 3082 1216 3144; x_wconf 83' lang='lat' dir='ltr'><strong>ul</strong></span> <span class='ocrx_word' id='word_1_233' title='bbox 1237 3097 1276 3143; x_wconf 79' lang='lat' dir='ltr'><strong>am</strong></span> 
     </span>
     <span class='ocr_line' id='line_1_28' title="bbox 164 3184 394 3269; baseline 0.004 -20"><span class='ocrx_word' id='word_1_234' title='bbox 164 3184 227 3265; x_wconf 86' lang='lat' dir='ltr'><strong>viu,</strong></span> <span class='ocrx_word' id='word_1_235' title='bbox 252 3205 394 3269; x_wconf 77' lang='lat' dir='ltr'><strong>corporo.</strong></span> 
     </span>
     <span class='ocr_line' id='line_1_29' title="bbox 160 3288 1274 3374; baseline -0.001 -20"><span class='ocrx_word' id='word_1_236' title='bbox 160 3297 169 3332; x_wconf 73' lang='lat'><strong>⁵-</strong></span> <span class='ocrx_word' id='word_1_237' title='bbox 250 3288 396 3374; x_wconf 91' lang='lat' dir='ltr'><strong>Denique</strong></span> <span class='ocrx_word' id='word_1_238' title='bbox 432 3292 491 3355; x_wconf 91' lang='lat' dir='ltr'><strong>hoc</strong></span> <span class='ocrx_word' id='word_1_239' title='bbox 531 3291 600 3355; x_wconf 92' lang='lat' dir='ltr'><strong>loco</strong></span> <span class='ocrx_word' id='word_1_240' title='bbox 642 3309 867 3372; x_wconf 91' lang='lat' dir='ltr'><strong>commemoro,</strong></span> <span class='ocrx_word' id='word_1_241' title='bbox 908 3288 1097 3354; x_wconf 80' lang='lat' dir='ltr'><strong>Frontinum</strong></span> <span class='ocrx_word' id='word_1_242' title='bbox 1137 3289 1274 3354; x_wconf 84' lang='lat' dir='ltr'><strong>ablativo</strong></span> 
     </span>
     <span class='ocr_line' id='line_1_30' title="bbox 163 3399 1274 3482; baseline -0.001 -21"><span class='ocrx_word' id='word_1_243' title='bbox 163 3399 362 3462; x_wconf 89' lang='lat' dir='ltr'><strong>instrumenti</strong></span> <span class='ocrx_word' id='word_1_244' title='bbox 386 3399 567 3482; x_wconf 87' lang='lat' dir='ltr'><strong>saepissime</strong></span> <span class='ocrx_word' id='word_1_245' title='bbox 589 3417 683 3462; x_wconf 88' lang='lat' dir='ltr'><strong>usum</strong></span> <span class='ocrx_word' id='word_1_246' title='bbox 707 3415 782 3479; x_wconf 90' lang='lat' dir='ltr'><strong>esse,</strong></span> <span class='ocrx_word' id='word_1_247' title='bbox 805 3401 842 3460; x_wconf 90' lang='lat' dir='ltr'><strong>ut</strong></span> <span class='ocrx_word' id='word_1_248' title='bbox 864 3401 1012 3461; x_wconf 85' lang='lat' dir='ltr'><strong>eventum</strong></span> <span class='ocrx_word' id='word_1_249' title='bbox 1035 3401 1274 3480; x_wconf 84' lang='lat' dir='ltr'><strong>stratagematon</strong></span> 
     </span>
     <span class='ocr_line' id='line_1_31' title="bbox 164 3503 1274 3589; baseline -0.002 -21"><span class='ocrx_word' id='word_1_250' title='bbox 164 3504 378 3589; x_wconf 85' lang='lat' dir='ltr'><strong>explicationi,</strong></span> <span class='ocrx_word' id='word_1_251' title='bbox 412 3523 492 3589; x_wconf 91' lang='lat' dir='ltr'><strong>qnae</strong></span> <span class='ocrx_word' id='word_1_252' title='bbox 520 3503 688 3586; x_wconf 83' lang='lat' dir='ltr'><strong>antecedit,</strong></span> <span class='ocrx_word' id='word_1_253' title='bbox 721 3504 898 3568; x_wconf 85' lang='lat' dir='ltr'><strong>adnecteret</strong></span> <span class='ocrx_word' id='word_1_254' title='bbox 929 3507 960 3566; x_wconf 88' lang='lat' dir='ltr'><strong>et</strong></span> <span class='ocrx_word' id='word_1_255' title='bbox 991 3509 1138 3568; x_wconf 89' lang='lat' dir='ltr'><strong>eventum</strong></span> <span class='ocrx_word' id='word_1_256' title='bbox 1169 3505 1274 3587; x_wconf 91' lang='lat' dir='ltr'><strong>ipsum</strong></span> 
     </span>
     <span class='ocr_line' id='line_1_32' title="bbox 162 3609 1274 3693; baseline 0 -19"><span class='ocrx_word' id='word_1_257' title='bbox 162 3612 320 3675; x_wconf 88' lang='lat' dir='ltr'><strong>indicaret.</strong></span> <span class='ocrx_word' id='word_1_258' title='bbox 356 3610 453 3675; x_wconf 90' lang='lat' dir='ltr'><strong>Hunc</strong></span> <span class='ocrx_word' id='word_1_259' title='bbox 474 3631 568 3675; x_wconf 91' lang='lat' dir='ltr'><strong>usum</strong></span> <span class='ocrx_word' id='word_1_260' title='bbox 591 3609 734 3693; x_wconf 91' lang='lat' dir='ltr'><strong>pluribus</strong></span> <span class='ocrx_word' id='word_1_261' title='bbox 752 3609 858 3674; x_wconf 88' lang='lat' dir='ltr'><strong>verbis</strong></span> <span class='ocrx_word' id='word_1_262' title='bbox 881 3610 1029 3693; x_wconf 85' lang='lat' dir='ltr'><strong>exposuit</strong></span> <span class='ocrx_word' id='word_1_263' title='bbox 1046 3609 1274 3674; x_wconf 80' lang='lat' dir='ltr'><strong>Esternauxius</strong></span> 
     </span>
     <span class='ocr_line' id='line_1_33' title="bbox 162 3715 1275 3802; baseline -0.001 -21"><span class='ocrx_word' id='word_1_264' title='bbox 162 3717 182 3781; x_wconf 92' lang='lat' dir='ltr'><strong>l.</strong></span> <span class='ocrx_word' id='word_1_265' title='bbox 206 3737 230 3782; x_wconf 87' lang='lat' dir='ltr'><strong>o.</strong></span> <span class='ocrx_word' id='word_1_266' title='bbox 258 3737 307 3802; x_wconf 88' lang='lat' dir='ltr'><strong>pg.</strong></span> <span class='ocrx_word' id='word_1_267' title='bbox 334 3723 387 3798; x_wconf 82' lang='lat'><strong>15,</strong></span> <span class='ocrx_word' id='word_1_268' title='bbox 414 3723 450 3781; x_wconf 90' lang='lat' dir='ltr'><strong>ut</strong></span> <span class='ocrx_word' id='word_1_269' title='bbox 477 3718 704 3781; x_wconf 88' lang='lat' dir='ltr'><strong>demonstraret</strong></span> <span class='ocrx_word' id='word_1_270' title='bbox 730 3717 963 3800; x_wconf 86' lang='lat' dir='ltr'><strong>aequalitatem,</strong></span> <span class='ocrx_word' id='word_1_271' title='bbox 991 3735 1086 3799; x_wconf 87' lang='lat' dir='ltr'><strong>quarn</strong></span> <span class='ocrx_word' id='word_1_272' title='bbox 1112 3715 1275 3800; x_wconf 87' lang='lat' dir='ltr'><strong>praeberet</strong></span> 
     </span>
     <span class='ocr_line' id='line_1_34' title="bbox 164 3821 1274 3907; baseline -0.001 -20"><span class='ocrx_word' id='word_1_273' title='bbox 164 3829 320 3887; x_wconf 87' lang='lat' dir='ltr'><strong>structura</strong></span> <span class='ocrx_word' id='word_1_274' title='bbox 342 3825 558 3907; x_wconf 88' lang='lat' dir='ltr'><strong>exemplorum</strong></span> <span class='ocrx_word' id='word_1_275' title='bbox 582 3829 613 3887; x_wconf 92' lang='lat' dir='ltr'><strong>et</strong></span> <span class='ocrx_word' id='word_1_276' title='bbox 640 3823 707 3886; x_wconf 88' lang='lat' dir='ltr'><strong>libr.</strong></span> <span class='ocrx_word' id='word_1_277' title='bbox 731 3823 840 3886; x_wconf 87' lang='lat' dir='ltr'>I-HI</span> <span class='ocrx_word' id='word_1_278' title='bbox 868 3828 900 3886; x_wconf 93' lang='lat' dir='ltr'><strong>et</strong></span> <span class='ocrx_word' id='word_1_279' title='bbox 926 3821 998 3885; x_wconf 90' lang='lat' dir='ltr'><strong>libri</strong></span> <span class='ocrx_word' id='word_1_280' title='bbox 1024 3821 1079 3885; x_wconf 86' lang='lat' dir='ltr'><strong>IV.</strong></span> <span class='ocrx_word' id='word_1_281' title='bbox 1125 3821 1175 3884; x_wconf 82' lang='lat' dir='ltr'><strong>Ex</strong></span> <span class='ocrx_word' id='word_1_282' title='bbox 1198 3822 1274 3886; x_wconf 88' lang='lat' dir='ltr'><strong>locis</strong></span> 
     </span>
     <span class='ocr_line' id='line_1_35' title="bbox 164 3930 1273 4013; baseline -0.002 -20"><span class='ocrx_word' id='word_1_283' title='bbox 164 3931 203 3994; x_wconf 90' lang='lat' dir='ltr'><strong>ab</strong></span> <span class='ocrx_word' id='word_1_284' title='bbox 226 3931 281 3993; x_wconf 93' lang='lat' dir='ltr'><strong>illo</strong></span> <span class='ocrx_word' id='word_1_285' title='bbox 305 3931 459 4013; x_wconf 83' lang='lat' dir='ltr'><strong>congestis</strong></span> <span class='ocrx_word' id='word_1_286' title='bbox 482 3931 534 3993; x_wconf 92' lang='lat' dir='ltr'><strong>hic</strong></span> <span class='ocrx_word' id='word_1_287' title='bbox 556 3949 609 3994; x_wconf 90' lang='lat' dir='ltr'><strong>eas</strong></span> <span class='ocrx_word' id='word_1_288' title='bbox 631 3934 754 3994; x_wconf 87' lang='lat' dir='ltr'><strong>tantum</strong></span> <span class='ocrx_word' id='word_1_289' title='bbox 778 3930 968 3993; x_wconf 88' lang='lat' dir='ltr'><strong>elocutiones</strong></span> <span class='ocrx_word' id='word_1_290' title='bbox 991 3932 1110 4012; x_wconf 89' lang='lat' dir='ltr'><strong>repeto,</strong></span> <span class='ocrx_word' id='word_1_291' title='bbox 1138 3946 1219 4010; x_wconf 87' lang='lat' dir='ltr'><strong>quoe</strong></span> <span class='ocrx_word' id='word_1_292' title='bbox 1240 3930 1273 3991; x_wconf 92' lang='lat' dir='ltr'><strong>in</strong></span> 
     </span>
     <span class='ocr_line' id='line_1_36' title="bbox 163 4035 1272 4120; baseline -0.002 -21"><span class='ocrx_word' id='word_1_293' title='bbox 163 4037 242 4101; x_wconf 92' lang='lat' dir='ltr'><strong>libro</strong></span> <span class='ocrx_word' id='word_1_294' title='bbox 267 4055 393 4120; x_wconf 90' lang='lat' dir='ltr'><strong>qnoque</strong></span> <span class='ocrx_word' id='word_1_295' title='bbox 416 4035 472 4099; x_wconf 77' lang='lat' dir='ltr'><strong>IV.</strong></span> <span class='ocrx_word' id='word_1_296' title='bbox 496 4037 711 4117; x_wconf 88' lang='lat' dir='ltr'><strong>inveniuntur,</strong></span> <span class='ocrx_word' id='word_1_297' title='bbox 734 4036 770 4100; x_wconf 89' lang='lat' dir='ltr'><strong>ci.</strong></span> <span class='ocrx_word' id='word_1_298' title='bbox 794 4037 866 4117; x_wconf 87' lang='lat' dir='ltr'><strong>boc,</strong></span> <span class='ocrx_word' id='word_1_299' title='bbox 891 4057 942 4117; x_wconf 85' lang='lat' dir='ltr'><strong>ea,</strong></span> <span class='ocrx_word' id='word_1_300' title='bbox 969 4056 1034 4117; x_wconf 79' lang='lat' dir='ltr'><strong>qua</strong></span> <span class='ocrx_word' id='word_1_301' title='bbox 1056 4035 1198 4101; x_wconf 83' lang='lat' dir='ltr'><strong>rolioue:</strong></span> <span class='ocrx_word' id='word_1_302' title='bbox 1221 4039 1272 4098; x_wconf 89' lang='lat' dir='ltr'><strong>str.</strong></span> 
     </span>
    </p>
   </div>
   <div class='ocr_carea' id='block_1_5' title="bbox 0 0 1536 4540">
    <p class='ocr_par' dir='ltr' id='par_1_7' title="bbox 0 0 1536 4540">
     <span class='ocr_line' id='line_1_37' title="bbox 0 0 1536 4540; baseline 0 1"><span class='ocrx_word' id='word_1_303' title='bbox 0 0 1536 4540; x_wconf 95' lang='lat' dir='ltr'><strong> </strong></span> 
     </span>
    </p>
   </div>
  </div>
 </body>
</html>
