3062 4540
397 971 457 1072 lle
488 972 700 1095 partibus
733 973 969 1076 orationis.

465 1169 495 1252 Ι.
530 1171 587 1252 De
615 1169 896 1254 substantivis·

222 1339 251 1408 1.
282 1343 329 1411 De
360 1345 561 1412 substantivis
592 1347 743 1412 concretis
774 1367 904 1413 numero
932 1349 1045 1434 plurali
1076 1351 1231 1435 adhibitis,

135 1447 251 1534 quibus
282 1453 434 1517 allectiva
463 1455 497 1517 in
528 1472 660 1518 numero
692 1454 843 1538 singulari
874 1457 1014 1540 apposita
1045 1463 1133 1540 sunt,
1168 1477 1231 1522 non

133 1557 269 1622 multum
286 1558 393 1642 habeo,
416 1559 500 1644 quod
517 1560 678 1644 proferam.
714 1559 860 1644 Legimus
878 1561 917 1626 de
934 1582 1004 1646 aqu.
1020 1583 1087 1648 pag.
1106 1566 1156 1646 30,
1175 1567 1230 1645 243

135 1664 186 1745 31,
202 1666 235 1744 83
253 1667 304 1747 31,
320 1667 370 1749 17,
380 1667 421 1729 25
438 1667 505 1730 aliis
520 1667 665 1752 regiones
669 1667 820 1749 primam,
836 1669 1017 1751 samariam,
1034 1671 1160 1738 tertiam
1175 1676 1231 1736 etc.

133 1769 278 1835 Alterum
309 1773 500 1856 exemplum,
533 1791 595 1856 quo
621 1791 736 1836 nomen
763 1773 983 1856 appellativum
1011 1793 1048 1840 eo
1075 1797 1137 1860 quo
1165 1777 1232 1842 dixi

133 1877 226 1940 modo
253 1877 427 1942 adhibitum
458 1883 518 1960 est,
547 1879 655 1942 inveni
687 1877 725 1942 de
756 1898 826 1962 aqu.
859 1880 912 1961 21,
945 1882 984 1942 21
1022 1880 1168 1949 Curtium
1204 1889 1234 1950 et

136 1981 325 2051 Caeruleum
342 1983 464 2068 sontes.
509 1983 597 2048 Idem
623 1985 802 2068 exemplum
816 1985 916 2050 ‘affert
942 1985 1053 2072 Draeg.
1076 1988 1116 2056 H.
1138 1990 1231 2074 praef.

133 2108 181 2174 pg.
204 2089 259 2154 IV.
283 2109 324 2154 ex
347 2090 426 2154 Plin.
451 2090 502 2172 36,
527 2091 597 2155 122.

180 2213 187 2223 ·
220 2192 342 2262 21111
373 2199 538 2280 genetivus
564 2199 728 2282 partitivus
755 2202 964 2282 exspectatur,
996 2219 1109 2266 nomen
1141 2221 1232 2286 appo-

132 2302 275 2366 sitionale
303 2303 464 2367 invenitur
494 2308 578 2368 strat.
611 2303 635 2366 I.
666 2303 700 2385 6,
729 2304 745 2366 l
780 2304 1055 2390 legionem...
1089 2307 1233 2390 quiaque

132 2407 272 2474 cobortes
306 2409 345 2476 ia
382 2410 529 2476 datram
564 2410 635 2476 aiae
667 2413 795 2492 partem
832 2411 964 2492 direxit,
1008 2413 1153 2496 quiaque
1190 2417 1234 2482 aa

133 2513 308 2582 sinistram.
353 2514 441 2579 Haec
463 2516 665 2596 constructio,
688 2514 770 2600 apud
792 2516 957 2600 scriptores
984 2537 1097 2582 aureae
1124 2521 1233 2584 aetatis

132 2621 299 2702 rarissima,
321 2623 445 2705 saepius
467 2620 606 2684 adhibita
628 2625 675 2684 est
697 2641 716 2683 a
738 2619 833 2686 livio.
879 2620 926 2685 De
948 2641 1026 2692 voce
1047 2625 1138 2692 milia
1160 2645 1233 2689 cum

133 2725 327 2792 substantivo
350 2728 458 2792 eodem
480 2747 557 2792 casu
584 2729 750 2790 coniuncta
777 2727 813 2790 cf.
836 2728 931 2792 huius
957 2747 1066 2793 comm.
1090 2749 1159 2815 pag.
1182 2738 1232 2808 25,

219 2829 249 2899 3.
272 2833 472 2898 Substantiva
494 2838 637 2898 concreta
658 2852 788 2898 numero
811 2835 962 2918 singulari
979 2835 1141 2900 collective
1163 2855 1233 2921 per·

133 2957 224 3024 saepe
246 2938 414 3006 Frontinus
436 2939 587 3022 adhibuit,
611 2959 684 3004 cum
706 2947 813 3004 nostra
834 2941 942 3024 lingua
963 2946 1091 3006 utamur
1111 2943 1233 3027 plurali.
1313 2995 1314 3000 ,

134 3043 346 3130 Congruenter
367 3067 439 3111 cum
453 3045 542 3110 Livio
559 3047 746 3130 plerumque
764 3049 892 3110 nomina
914 3049 1055 3130 gentium
1078 3054 1109 3112 et
1131 3055 1234 3134 partes

134 3154 288 3216 exoratus
305 3154 350 3216 ita
370 3157 569 3237 usurpantur.
606 3151 746 3236 Excepta
767 3171 845 3216 voce
868 3152 974 3234 bostis,
999 3160 1133 3236 quaeat
1154 3158 1234 3239 prio-

134 3278 205 3322 rum
230 3259 326 3322 trium
352 3259 503 3324 librorum
530 3264 562 3323 et
589 3261 692 3343 quarti
720 3259 791 3323 libri
823 3263 1062 3341 stratagematon
1092 3260 1234 3344 plurimis

134 3364 210 3428 loeis
231 3384 363 3429 numero
385 3366 535 3449 singulari
557 3367 659 3448 posita
681 3371 736 3444 est,
759 3365 903 3448 exempla
925 3383 1007 3448 quae
1028 3367 1137 3429 inveni
1160 3367 1235 3431 haec

134 3475 220 3534 sunt:
244 3475 328 3534 strat.
346 3471 370 3534 I.
396 3471 458 3553 l,6
483 3470 648 3552 Parthas·
669 3471 697 3551 1,
715 3471 734 3533 9
758 3469 883 3552 Poeao;
905 3471 935 3551 2,
952 3473 971 3532 2
993 3471 1090 3537 militi
1111 3477 1236 3556 nostra·

135 3578 220 3658 4,11
243 3577 374 3643 mititem
397 3577 556 3644 traiicere:
579 3577 645 3658 ,6,1
670 3577 825 3660 explicato
846 3577 961 3659 milita·
983 3578 1049 3658 8,3
1071 3577 1111 3643 ia
1134 3575 1236 3644 Scati-

134 3687 225 3764 aaa·
249 3683 335 3764 11,5
358 3683 466 3764 milas·
489 3683 540 3765 11,
556 3684 594 3745 11
616 3683 815 3766 paratiorem
836 3682 983 3764 militem;
1007 3683 1057 3765 11,
1075 3684 1115 3746 13
1138 3683 1236 3750 milite

135 3793 292 3870 alteratam
316 3789 365 3870 11,
383 3789 550 3870 1411111111,
571 3787 612 3851 Π.
631 3789 658 3870 1,
673 3791 695 3850 4
711 3787 836 3870 Poena·
856 3790 884 3870 1,
902 3790 921 3852 9
937 3789 997 3855 sibi
1011 3811 1076 3856 csse
1091 3790 1236 3870 militem·

136 3897 168 3976 2,
192 3897 211 3957 5
235 3894 365 3960 militem
393 3895 520 3978 edaait,·
551 3896 585 3976 2,
613 3895 632 3956 8
660 3893 792 3960 militem
813 3895 987 3978 collocavit;
1019 3897 1052 3978 2,
1077 3897 1096 3959 9
1123 3895 1236 3977 equiti·

136 4001 231 4084 2,11
261 4001 299 4067 in
318 4001 439 4085 pertita·
466 4003 499 4084 2,
524 4001 564 4064 12
592 4000 803 4069 circumducto
825 4001 948 4086 perlita·
976 4002 1050 4084 3,1
1079 3999 1232 4086 Hispani,
