3062 4540
832 205 852 267 6

289 401 416 466 illorum
438 400 576 465 virorum
599 400 783 464 sententiam
805 399 948 466 firmavit
993 399 1086 466 Nunc
1108 404 1212 465 autem
1236 401 1389 485 quaestio·
1509 463 1510 498 ,

290 508 396 590 nibus,
435 526 514 591 quas
551 507 753 571 instituerunt
784 505 856 571 Eru.
880 506 982 572 Fritze
990 506 1013 592 ¹)
1046 512 1077 572 et
1107 507 1141 572 P.
1165 507 1389 588 insternunt,
1509 549 1510 552 κ

291 613 426 677 dilucide
467 613 711 678 demonstratum
748 617 807 694 est,
843 618 899 676 aut
934 632 971 678 ea
1007 632 1087 698 quae
1123 613 1389 694 Wachsmutbius,

291 719 499 802 WoelffliuuS,
522 717 784 782 Gundermannus
807 720 952 802 quemvis
979 723 1068 783 acute
1095 719 1389 800 animadverterunt,
1509 693 1510 736 ss

291 830 395 889 tamen
421 843 534 908 magna
561 843 601 888 ex
627 828 713 908 parte
740 843 807 889 esse
834 825 931 888 dubia
957 830 1011 890 aut
1042 825 1255 890 conclusiones
1281 843 1390 889 eorum
1509 839 1510 886 l

291 934 390 1015 magis
412 931 592 996 artificiosas
615 949 681 995 esse
704 950 800 1014 quam
822 935 858 994 ut
885 931 999 995 librum
1028 937 1173 1015 quartum
1200 952 1219 996 a
1241 930 1390 995 Frontino

292 1037 468 1102 abiudicata
482 1056 669 1122 cogeremur.
695 1035 814 1100 Causae
828 1056 907 1121 quas
915 1036 1390 1120 Wachsmuthius,WoelfilinuS,

293 1143 553 1208 Gundermannus
563 1143 602 1206 ad
612 1142 872 1226 comprobandam
883 1145 1068 1208 sententiam
1081 1163 1173 1208 suam
1185 1143 1390 1228 protulerunt,
1509 1201 1510 1204 ,

292 1253 432 1334 spectant
445 1251 580 1334 primum
595 1248 635 1312 ed
649 1267 717 1312 rem
731 1253 969 1333 stratagematon
985 1249 1074 1315 libris
1088 1254 1260 1332 tractatam,
1279 1247 1389 1316 deiude

292 1356 332 1419 ad
354 1355 537 1438 disponendi
558 1355 724 1436 rationem,
752 1375 814 1440 qua
836 1353 1005 1420 Frontinus
1033 1359 1064 1420 et
1091 1356 1193 1440 quarti
1216 1356 1271 1440 qui
1292 1355 1391 1418 fertur

290 1461 363 1549 libri
384 1463 513 1550 scriptor
534 1462 569 1524 in
591 1459 780 1524 collocandis
803 1461 954 1545 exemplis
971 1463 1023 1526 usi
1044 1463 1120 1544 sint,
1142 1465 1211 1524 tum
1229 1461 1269 1526 ad
1290 1461 1390 1526 fontes
1509 1505 1510 1548 3

292 1567 378 1632 unde
392 1573 523 1652 uterque
538 1568 683 1649 hauserit,
701 1571 891 1651 postremum
907 1567 947 1630 ad
967 1567 1116 1650 loquendi
1133 1567 1390 1632 consuetudinem
1509 1601 1510 1608 1

293 1673 426 1737 duorum
449 1674 505 1758 qui
527 1673 674 1736 dicamur
701 1674 911 1758 scriptorum..
939 1673 1026 1752 Haec
1053 1679 1199 1758 quattuor
1226 1693 1391 1739 causarum

292 1799 409 1864 genera
426 1781 460 1844 in
483 1781 667 1860 universum
689 1799 708 1844 a
729 1779 849 1842 Fritzeo
872 1783 903 1858 et
924 1777 1132 1844 Esternauxio
1154 1781 1287 1844 refutata
1308 1783 1390 1846 sunt.
1509 1773 1510 1798 ¹

293 1885 354 1952 sed
376 1905 448 1950 cum
471 1887 668 1968 quaestiones
691 1885 729 1948 de
755 1886 796 1968 iis
823 1886 926 1950 causis
954 1905 1034 1976 quae
1061 1887 1102 1950 ad
1128 1889 1288 1951 materiem
1315 1891 1391 1952 stra·

292 1996 466 2076 tegematon
484 1991 571 2056 libris
588 1996 748 2070 tractatam
766 1996 798 2055 et
818 1991 856 2068 ad
875 1990 1059 2074 disponendi
1074 1991 1224 2084 rationem
1243 1997 1391 2076 spectant,
1509 2053 1510 2080 ,

293 2098 332 2161 ad
349 2097 444 2160 finem
461 2097 627 2180 perductae
645 2097 818 2179 videantur,
839 2117 938 2162 novas
957 2097 1154 2180 quaestiones
1177 2104 1208 2164 et
1229 2099 1269 2162 ad
1290 2099 1391 2164 fontes
1509 2145 1510 2148 ,

294 2205 350 2288 qui
381 2202 510 2266 adhibiti
538 2209 611 2280 sunt
637 2208 669 2268 et
695 2203 734 2267 ad
761 2203 884 2284 dicendi
914 2202 1171 2278 consuetudinem
1201 2205 1392 2288 pertinentes
1509 2219 1510 2260 ὲ

293 2311 395 2374 denuo
426 2310 587 2374 instituere
615 2329 878 2394 supervacaneum
909 2329 974 2374 non
1001 2327 1070 2374 esse
1101 2311 1256 2374 existimo.
1310 2309 1391 2374 Nam

293 2419 350 2482 eni
381 2415 522 2480 Fritzeus
563 2420 593 2479 et
623 2415 853 2502 Esternauxius
889 2435 926 2481 ea
962 2421 1146 2500 argumenta
1162 2489 1164 2492 .
1181 2436 1222 2480 ex
1252 2415 1391 2480 fontibus
1509 2435 1510 2480 l

294 2522 439 2586 adhibitis
457 2527 544 2586 etex
562 2521 785 2586 consuetudine
804 2521 925 2586 dicendi
942 2524 1046 2606 petita,
1069 2541 1150 2606 quae
1172 2521 1391 2605 aWoelfilino,
1509 2529 1510 2538 ’

293 2627 528 2693 Wacbsmutbio
561 2628 594 2690 in
627 2624 764 2692 medium
795 2627 915 2710 prolata
945 2631 1031 2708 sunt,
1062 2629 1201 2691 maxima
1232 2646 1274 2692 ex
1305 2633 1392 2713 perte

293 2734 514 2816 refutaverunt,
529 2739 633 2798 tamen
647 2738 679 2814 et
693 2734 883 2818 quaestione,
906 2751 987 2816 quae
1002 2732 1041 2796 de
1055 2732 1193 2798 fontibus
1208 2735 1393 2808 instituatur

294 2841 347 2919 ita,
368 2844 405 2904 ut
422 2838 552 2903 Melberi
575 2841 712 2930 quaestio
736 2839 775 2904 de
793 2839 950 2918 Polyaeno
972 2839 1119 2902 instituta
1141 2839 1181 2904 ad
1202 2841 1392 2906 imitandum

294 2947 524 3030 proponatur3),
552 2949 583 3010 et
609 2946 876 3026 commentatione,
909 2964 971 3028 qua
988 2945 1036 3025 ,in
1062 2949 1158 3008 totam
1186 2946 1392 3011 elocutionem

294 3053 468 3135 inquiratur
500 3069 644 3135 quaeque
674 3068 729 3134 per
760 3051 864 3114 omnia
895 3051 1030 3114 auctoris
1058 3051 1200 3134 scripta⁴l
1232 3054 1392 3136 pertineat,

296 3162 350 3220 aut
364 3177 463 3221 novae
481 3145 711 3241 discrepantiae,
727 3175 808 3240 quae
822 3158 903 3219 inter
920 3155 1016 3222 libros
1029 3157 1138 3222 I-Ill
1156 3163 1391 3241 strategematon

383 3313 405 3383 ¹)
413 3351 415 3357 ·
423 3312 464 3369 ef.
470 3313 504 3368 de
513 3314 532 3370 J
533 3313 584 3368 ulii
596 3312 721 3380 Frontini
730 3317 943 3380 stratagematon
954 3314 1026 3370 libro
1034 3313 1085 3370 IV.
1091 3313 1157 3369 diss.
1163 3313 1229 3368 Hal.
1240 3314 1304 3370 San.
1315 3315 1391 3372 1888,

383 3401 404 3473 ²)
422 3400 463 3456 ef.
478 3402 532 3458 Dle
545 3401 736 3473 Komposition
754 3417 809 3456 von
827 3401 956 3457 Frontius
975 3402 1181 3472 Strategemata
1210 3400 1303 3456 Berlin
1316 3403 1392 3459 1889.

295 3489 488 3562 (supplement
505 3491 636 3562 litteraire
652 3489 691 3546 du
708 3495 821 3560 rapport
838 3489 990 3561 historique
1011 3495 1040 3546 et
1057 3489 1214 3559 stetistiqne
1230 3489 1269 3545 du
1291 3491 1393 3564 college

295 3577 372 3648 1⁰5⁸]
384 3577 557 3736 “hrssfwelts‘hm
570 3666 609 3722 H.
622 3665 781 3730 Landuehr,
800 3667 923 3722 Berlinar
934 3665 1068 3737 Philolog.
1078 3665 1298 3725 Wochenschritt
1316 3669 1391 3726 1889.

295 3756 348 3812 No·
366 3757 491 3914 4Ξ)ΡΝΟῙῙΪζ
502 3755 616 3914 relegero
627 3842 723 3900 Front.
735 3843 796 3900 libr.
808 3843 843 3900 de
854 3859 884 3899 re
901 3859 996 3916 grem,
1013 3859 1132 3915 qnorum
1143 3851 1272 3916 excerpta
1283 3851 1391 3902 tantum

297 3937 486 4091 {erpetpsqrgrp
503 3930 548 4002 (cf.
567 3930 705 3988 Schriften
721 3931 770 3988 der
787 3936 855 3990 rbm.
874 3931 1045 3990 Feldmesser
1062 3949 1117 3990 von
1134 3931 1294 3990 Lachmann
1312 3952 1338 3991 u.
1357 3935 1391 4002 Α,
