3062 4540
682 189 701 254 9

588 280 797 292 --——-—-

141 379 1241 470 1.5,14=IV.s,9;1.5,15=IV.5‚1o;1.11‚3=1v.5,11;

141 487 165 552 1.
190 488 240 570 10,
264 489 281 552 1
306 517 349 546 =
371 489 425 555 IV.
450 491 479 574 i,
502 490 530 558 6.
566 489 654 556 Haec
675 479 821 575 exempla
842 494 1021 577 scriptorem
1044 493 1116 558 libri
1139 495 1243 578 quarti

142 609 182 656 ex
208 593 363 678 prioribus
392 594 484 661 libris
515 615 591 662 suaa
618 597 828 682 discriptionis
853 598 1022 683 generibus
1049 599 1244 685 subgessissc

141 701 263 764 censuit
285 699 556 768 Gundermannus.
600 700 661 771 En
684 701 739 767 IV¹
765 705 793 786 1,
816 701 836 766 6
859 703 918 768 hoc
944 704 1012 768 loco
1040 704 1244 772 subditicium

142 824 210 872 esse
231 812 314 892 puto.
350 807 431 872 Nam
445 807 664 874 Frontinianae
682 808 826 874 dictionis
843 811 1001 894 proprium
1025 829 1094 876 esse
1115 812 1243 878 demon·

142 915 252 978 stravit
267 913 409 980 Flitzeus
426 914 487 999 (pg.
505 915 546 978 13
564 913 632 998 sq.),
655 914 779 1000 singula
799 916 835 978 in
856 917 1010 1000 exemplis
1033 918 1127 984 verba
1149 921 1243 984 inter-

143 1017 219 1082 dum
233 1020 278 1084 ita
291 1039 359 1085 esse
374 1021 470 1086 electa
487 1025 581 1106 atque
598 1021 765 1086 verborum
779 1041 957 1087 connexum
972 1024 1017 1088 ita
1031 1043 1100 1092 osse
1117 1026 1243 1110 sactum,

142 1132 180 1190 ut
209 1126 320 1190 circuli
345 1127 473 1211 quidam
499 1126 726 1210 exemplorum,
757 1147 838 1212 quae
865 1130 1090 1196 sententiarum
1117 1133 1243 1197 vinculo

142 1233 224 1297 inter
258 1252 292 1298 se
327 1233 492 1298 coniuncta
526 1237 643 1314 essent,
678 1234 772 1298 etiam
809 1239 938 1299 externa
969 1235 1113 1302 dictionis
1144 1237 1244 1302 forma

143 1340 260 1404 similes
300 1339 497 1424 fingerentur.
560 1338 690 1423 Propter
735 1340 816 1404 banc
852 1339 1021 1406 verborum
1061 1342 1243 1407 electionem

143 1451 196 1508 str.
218 1444 242 1509 t
268 1446 363 1527 10,1
393 1473 433 1500 =
461 1443 515 1508 IV.
541 1445 569 1524 1,
592 1444 612 1506 6
639 1446 736 1528 priori
762 1445 830 1510 loco
856 1448 1029 1531 genuinum
1060 1466 1128 1513 esse
1158 1454 1242 1533 puto.

143 1550 1242 1638 (iil10,l....iucouerdtcpupuameapocccutcs...;ilt,2

145 1677 345 1745 ...pepone
373 1657 503 1744 emaum
532 1656 712 1724 inconsulte
733 1655 926 1744 flagitantes
946 1708 953 1723 .
975 1709 980 1720 .
1002 1711 1037 1727 ..
1081 1659 1245 1726 Praeterea

143 1765 168 1831 Ι.
196 1766 251 1846 10,
278 1766 298 1828 2
328 1763 423 1829 verbo
454 1762 547 1830 Idem
581 1763 725 1848 exemplo
761 1764 845 1848 quod
876 1765 1030 1830 antecedit
1061 1766 1244 1834 adnectitur.

142 1870 276 1956 Reliqua
293 1875 399 1935 autom
416 1869 560 1955 exempla
581 1888 651 1934 mea
668 1869 795 1953 quidem
813 1871 967 1934 sententia
981 1871 1016 1935 in
1032 1876 1142 1954 quarto
1164 1872 1244 1936 libro

144 1997 238 2042 suum
260 1977 365 2041 locum
392 1976 532 2042 obtinent
561 1982 654 2059 atque
681 1975 754 2040 indo
780 1976 815 2039 in
840 1973 935 2040 libros
957 1977 1075 2060 priores
1097 1979 1246 2042 translata

144 2090 225 2148 sunt.
269 2081 411 2148 Primum
434 2083 517 2148 onim
538 2081 615 2146 haec
636 2081 781 2164 exempla
806 2081 841 2144 in
868 2080 949 2146 libro
976 2088 1087 2166 quarto
1115 2088 1245 2149 externa

144 2190 288 2254 dictionis
318 2189 419 2254 forma
447 2189 529 2252 inter
559 2206 594 2254 so
621 2191 653 2252 ct
683 2205 757 2252 cum
785 2187 943 2271 exemplo,
971 2188 1055 2272 quod
1081 2189 1244 2272 praecedit,
1314 2267 1316 2272 Ι

144 2297 299 2360 artissime
320 2297 486 2359 coniuncta
507 2298 590 2358 suut
635 2292 679 2360 Of.
1008 2304 1010 2308 ’

196 2453 250 2518 IV.
275 2457 295 2519 5
357 2453 571 2518 iiracolumee
595 2451 775 2519 Ucutumani
792 2457 1021 2542 pervcucmcut.

356 2561 375 2624 9
398 2558 566 2626 incolumis
587 2579 659 2624 crim
681 2559 836 2628 militibus
857 2559 981 2626 cruerit
1003 2560 1138 2627 accessit.

355 2667 375 2730 8
398 2665 461 2732 loco
478 2665 592 2748 iniquo
614 2664 856 2732 circumvectus.

327 2669 375 2870 {9
397 2771 523 2854 iniquis
544 2771 619 2838 locis
640 2769 843 2854 deprebensa.

145 2934 284 3017 Accedit,
315 2932 399 3016 quod
429 2930 572 3016 exempla
597 2930 652 3000 IV.
677 2931 710 3012 5,
738 2929 856 2994 8-11
890 2930 978 2994 nullo
1009 2930 1072 2994 alio
1103 2931 1246 3014 exemplo

145 3043 318 3124 interrupta
366 3037 512 3122 deinceps
561 3037 780 3117 inveniuntur,
825 3034 1097 3120 strategematibus
1140 3041 1245 3100 autem

145 3147 170 3212 Ι.
194 3148 223 3229 5,
247 3146 296 3212 12.
321 3145 370 3208 14.
395 3144 435 3207 15
458 3142 544 3207 aliud
566 3142 743 3227 exemplum
765 3143 980 3226 interpositum
1008 3146 1040 3206 ot
1066 3142 1246 3226 exemplum

145 3255 170 3320 1
194 3249 442 3336 11‚3(=1v.
467 3250 496 3331 5,
520 3249 572 3328 11)
594 3247 633 3312 ab
661 3247 715 3312 illo
742 3248 955 3332 exemplorum
984 3246 1094 3312 ordine
1119 3266 1246 3331 prorsus

145 3361 323 3424 seiunctum
340 3361 395 3423 ast
431 3356 536 3440 Atque
554 3354 648 3418 etiam
666 3353 764 3426 multo
783 3353 984 3418 verisimilius
1006 3357 1062 3434 est,
1084 3351 1246 3416 librarium

147 3464 316 3550 quendam,
338 3439 394 3547 q'ui
415 3462 450 3525 in
474 3464 583 3545 quarto
602 3477 729 3543 quoque
750 3457 830 3522 libro
852 3478 872 3524 a
893 3457 1043 3522 Frontino
1070 3459 1138 3542 ipso
1160 3457 1247 3521 velut

145 3589 196 3636 res
222 3569 348 3634 residua
373 3567 420 3650 (ci.
442 3566 536 3652 praet
557 3564 630 3629 libri
657 3563 723 3646 lv.)
750 3583 822 3629 cum
850 3564 950 3630 tribus
976 3562 1134 3648 prioribus
1160 3562 1247 3628 libris

13 3737 15 3746 .
146 3678 311 3741 coniuncto
333 3674 476 3758 exempla
496 3672 681 3757 repperisset
702 3675 788 3755 apta,
811 3688 891 3755 quac
917 3669 1079 3735 nonnullis
1102 3673 1247 3754 stratege·

15 3771 16 3780 ¹
146 3787 252 3846 moton
273 3779 439 3865 generibus
456 3778 702 3862 subgerercntur‚
726 3778 895 3862 putavisse,
917 3778 1050 3861 primam
1069 3793 1106 3840 ac
1122 3775 1246 3860 potissi·

146 3908 231 3954 mam
252 3893 371 3972 partem
394 3886 493 3970 operis
514 3883 708 3948 Frontiniani
726 3885 806 3968 aptis
823 3883 887 3947 illis
904 3883 1056 3968 exemplis
1073 3881 1247 3948 inserendis

147 3993 360 4078 complendam
398 4009 479 4075 esse,
516 3988 602 4076 qnod
637 3995 674 4056 ut
709 3987 810 4074 fieret,
848 3987 1017 4068 Frontinus
1036 3989 1121 4095 *ipsse
1135 3988 1247 4107 1,(1111ιεί
