3062 4540
812 218 854 282 38

278 406 417 494 suscepi,·
453 413 503 493 45,
533 416 570 476 17
601 411 645 480 ad
672 413 803 481 tutelam
829 414 996 495 ductuum,
1026 412 1108 480 sicut
1130 412 1342 498 promiseram
1353 414 1384 496 1),

278 515 479 583 divertemus.

365 617 395 685 b.
419 621 645 689 Coniunctivus
672 625 970 710 plusquamperfeoti
997 645 1053 710 pro
1079 623 1267 709 imperfecto.
1316 623 1387 690 Hoc

277 747 339 792 usu
361 729 542 812 scriptorem
570 730 642 796 libri
664 731 720 794 IV.
744 737 828 796 strat.
851 752 870 795 a
893 731 1042 795 Frontino
1070 730 1194 796 differre
1220 729 1387 794 affirmavit

279 831 544 899 Gundermannus
567 836 617 919 (cf.
641 841 757 921 quaest.
781 857 831 921 pg.
852 835 938 920 324),
960 856 1033 901 narn
1057 856 1131 900 cum
1153 835 1233 900 liber
1255 841 1387 920 quartus

279 941 419 1024 quinque
441 941 531 1026 locis,
558 941 673 1026 quibus
701 944 919 1008 coniunctivus
946 941 1119 1028 imperfecti
1147 945 1386 1025 exspectaretur,

277 1045 617 1132 plusquamperfectum
640 1048 810 1132 praeberet,
832 1051 867 1113 in
890 1049 978 1114 libris
1000 1048 1110 1114 I—III
1132 1048 1256 1112 nullum
1278 1048 1387 1112 huius-

278 1151 364 1216 modi
395 1154 574 1238 exemplum
605 1153 750 1221 inveniri.
800 1155 965 1240 Exempla,
993 1173 1074 1239 quae
1102 1153 1191 1218 affert
1216 1153 1282 1235 ille,
1310 1153 1386 1229 haec

278 1263 364 1321 sunt:
387 1257 443 1323 IV.
469 1265 496 1342 1,
520 1266 562 1326 44
584 1281 627 1328 ue
650 1261 723 1345 quis
742 1311 750 1328 .
772 1309 780 1326 .
803 1262 870 1328 ‚ia
892 1261 1027 1329 ltaliam
1049 1263 1279 1345 reportaretur,
1307 1259 1386 1325 clara

278 1361 384 1431 Poeur'
404 1365 444 1432 a'u
466 1387 505 1434 ea
526 1364 678 1449 fuisseru,
703 1366 840 1451 (Hartel,
867 1366 909 1432 St
931 1367 969 1430 V.
994 1373 1022 1430 6.
1045 1387 1094 1450 pg.
1121 1372 1182 1430 116
1205 1384 1261 1449 pro
1283 1365 1323 1430 tu
1346 1385 1385 1432 ea

276 1467 425 1552 fatescat,
450 1471 534 1556 quod
556 1473 677 1538 codices
701 1473 841 1555 tradunt,
869 1473 1001 1537 coniecit
1022 1472 1100 1539 iude
1122 1471 1261 1538 cuiseeut
1283 1489 1323 1535 ex
1345 1471 1385 1538 tri

278 1575 447 1662 mereat),-
469 1584 498 1660 5,
522 1584 539 1643 7
564 1579 600 1645 td
622 1578 682 1646 sibi
703 1579 809 1648 aaimr‘
831 1599 905 1660 esse,
929 1577 1055 1646 etiamsi
1072 1577 1199 1645 aemiui
1216 1577 1260 1644 ad
1282 1597 1385 1642 araur

213 1759 217 1768 ¹
273 1682 419 1764 paudum
441 1683 722 1768 audaciafuiseet,
742 1684 969 1766 adfirmantem
992 1691 1022 1766 3,
1045 1690 1064 1749 3
1088 1683 1211 1750 Atilius
1225 1681 1383 1768 Repulus,

277 1807 349 1852 cum
380 1789 512 1855 summis
542 1790 635 1858 rebus
661 1789 870 1875 praefuisset,
899 1792 977 1859 adeo
999 1811 1128 1875 pauper
1145 1788 1221 1873 fuit
1250 1793 1288 1855 ut
1312 1808 1385 1869 ...;

278 1897 308 1975 7,
330 1897 348 1958 7
374 1895 530 1962 armatus
552 1917 626 1964 suos
648 1898 796 1964 uiseudos
818 1897 1066 1980 speculatoribus
1087 1917 1208 1976 eorum,
1238 1894 1386 1978 practicus

277 1998 459 2082 voluisseut,
471 2006 597 2085 patere;
613 2003 767 2086 7,17qur'
782 2002 903 2089 capulis
910 2001 1172 2086 ferreasfibulas
1187 2000 1383 2080 babuisseut,

276 2103 417 2188 interfici
438 2105 542 2174 tussit.
585 2109 679 2193 Apud
702 2110 865 2192 scriptores
887 2108 1066 2192 posterioris
1089 2108 1208 2189 aetebS,
1231 2111 1334 2191 utque,
1356 2106 1385 2170 si

278 2213 473 2295 exciperetur
490 2219 600 2278 auctor
614 2213 687 2278 belli
706 2213 933 2298 Hispaniensis,
955 2213 1029 2277 inde
1047 2212 1086 2278 ab
1106 2213 1242 2298 Apuleio
1257 2211 1383 2276 demum

200 2337 202 2342 ¹
277 2317 357 2381 hune
379 2318 503 2383 dicendi
525 2319 783 2384 consuetudinem
805 2320 1054 2406 percrebrescere
1077 2321 1201 2385 censuit
1222 2318 1254 2382 G.
1279 2317 1384 2395 situla

276 2420 338 2487 Sed
360 2442 430 2487 cum
456 2443 493 2488 ea
515 2424 645 2508 quidem
663 2423 768 2509 verba,
792 2446 925 2510 quorum
949 2428 982 2490 in
1002 2431 1139 2510 tempore
1157 2427 1312 2510 praesenti
1334 2424 1383 2486 vis

277 2528 428 2611 quaedem
459 2531 636 2594 incohative
667 2531 760 2614 inest,
789 2533 870 2596 sicut
900 2531 991 2614 uelle,
1020 2545 1125 2617 posse,
1158 2552 1237 2612 esse,
1271 2529 1383 2596 babere

276 2635 384 2699 eodem
406 2636 499 2700 modo
522 2635 662 2700 adhibita
679 2637 742 2700 ium
762 2637 845 2722 apud
862 2637 1054 2720 Vitruvium,
1077 2638 1222 2702 Curtium
1245 2637 1384 2718 aliosque

365 2881 386 2951 ¹)
405 2880 578 2938 Woelfflinue
600 2881 729 2954 obiurget
749 2887 889 2938 auctorem
913 2879 977 2938 libri
999 2881 1052 2938 1v.
1075 2887 1155 2938 strat.
1179 2881 1214 2936 de
1236 2879 1384 2936 iactatione

276 2969 397 3040 quedam
420 2970 464 3025 sni
491 2976 576 3042 atquc
597 2969 794 3038 ostentatione,
817 2986 888 3042 quae
910 2986 928 3026 a
951 2969 1079 3027 Frontini
1102 2975 1201 3026 nutum
1223 2969 1312 3024 aliem
1334 2968 1383 3035 slt3

276 3057 360 3112 talem
382 3057 558 3114 iactationem
581 3057 668 3114 inesse
692 3063 774 3129 putat
796 3058 842 3112 ille
864 3059 893 3113 in
911 3058 1002 3114 verbis
1024 3059 1087 3116 libri
1105 3059 1157 3115 lv.
1175 3057 1272 3130 praei:
1294 3059 1384 3115 matta

276 3147 387 3204 tectiore
416 3147 620 3218 conquisitis
650 3147 887 3217 stratepematibus
917 3152 950 3204 et
979 3165 1044 3204 uou
1074 3149 1192 3219 eulpae
1222 3148 1384 3218 scrupulo

276 3234 430 3306 digestis,
452 3239 483 3291 at
491 3236 692 3306 promissum
705 3235 791 3292 trium
804 3236 936 3292 librorum
948 3237 1117 3309 implerem
1132 3279 1138 3293 .
1155 3279 1162 3293 .
1178 3279 1185 3293 .
1200 3237 1247 3292 boc
1259 3235 1383 3292 eubibebo

275 3341 307 3379 ea
329 3341 418 3394 quae.
435 3365 442 3380 .
457 3341 477 3389 .;
500 3323 547 3378 sed
571 3328 762 3395 praeterquam
785 3323 860 3395 quod
879 3324 1061 3395 praefationes
1079 3323 1141 3379 libr.
1164 3322 1271 3378 1-111
1294 3339 1383 3394 neque

275 3409 368 3466 minus
386 3410 470 3483 praef.
480 3410 541 3467 libr.
554 3411 589 3467 de
597 3428 661 3484 aqu.
674 3412 703 3467 in
716 3411 798 3466 simili
812 3413 945 3468 sermonis
954 3430 1052 3485 genere
1062 3416 1213 3480 versantur,
1233 3411 1384 3468 Frontinus

275 3498 319 3554 rel
349 3498 550 3556 elocutionibus
576 3500 699 3556 eiusdem
727 3499 834 3572 generis
861 3505 945 3572 atque
971 3501 1023 3556 boc
1045 3500 1106 3556 loco
1128 3499 1191 3556 libri
1219 3500 1269 3556 IV.
1293 3500 1383 3556 utitur

275 3587 310 3644 de
327 3589 447 3658 aquit,
461 3591 514 3646 15.
529 3633 536 3646 .
552 3633 559 3647 .
573 3608 652 3661 quem
673 3591 742 3662 ipsi
758 3591 958 3662 scrupulosa
979 3589 1228 3660 inquiritioue.
1246 3633 1252 3644 .
1269 3633 1275 3644 .
1291 3590 1382 3646 iuue-

273 3679 395 3734 uarimue
412 3682 441 3732 et
458 3693 491 3748 eq
509 3677 577 3748 loco,
596 3695 678 3750 quem
695 3677 1217 3750 supralaudari(45,17):odtatelam
1239 3679 1380 3748 ductuum,

274 3767 363 3822 sicut
376 3767 611 3838 promiseram,
631 3768 801 3824 divertemus.

346 3854 367 3922 ¹)
385 3853 427 3910 Cf.
450 3854 481 3910 (i.
506 3853 586 3922 Sittl,
615 3853 668 3910 Die
690 3853 799 3909 lolralen
818 3852 1096 3910 verschiedenheiten
1118 3854 1168 3910 der
1189 3854 1237 3910 lat.
1261 3853 1383 3926 Sprache

275 3943 326 3998 mit
342 3940 507 3998 besondcrer
524 3941 789 4014 Berialrslcbtigung
806 3941 854 3998 dee
872 3941 987 3999 asrilren.
1007 3942 1129 4012 Lateins,
1152 3943 1289 4015 Erlungen
1313 3943 1383 3999 1882

274 4049 319 4106 pg.
339 4032 399 4088 132.
