3062 4540
805 177 847 240 74

271 373 332 443 III.'
346 383 428 459 10,·15
453 397 525 443 cum
540 375 667 458 reliquo
676 379 772 458 purte
790 373 964 456 exercitus,
975 371 1037 435 JV.
1055 378 1085 454 5,
1102 378 1120 436 9
1138 392 1211 438 cum
1226 369 1382 438 militibus

271 481 399 550 umescit
434 487 504 561 etc,
537 482 591 547 sed
622 482 751 564 longum
788 484 848 562 est,
884 481 991 544 omnia
1025 479 1208 544 huiusmodi
1239 479 1383 561 exempla

271 589 386 654 efferre.
440 588 596 672 Perpauci
626 591 762 654 tantum
785 587 846 650 loci
877 585 1006 650 notandi
1039 591 1126 667 sunt,
1163 582 1278 668 quibus
1309 605 1382 652 cum

217 715 221 724 ·
271 696 423 763 omissum
446 700 505 759 est:
533 699 586 759 str.
613 692 637 758 Ι.
658 695 742 775 11,,,9
766 693 939 778 duplicatis
966 693 1136 777 udprmsus
1163 690 1276 774 copiis,¹
1304 696 1334 769 6,
1353 696 1380 754 ,3

270 801 422 884 requietis
454 801 524 868 suis
554 801 741 885 adpressus;
777 799 818 866 Π.
852 805 885 882 3,
918 805 937 864 3
977 798 1095 882 optimu
1128 796 1383 882 rusucurium

271 928 409 974 suarum
432 907 600 972 circumiit.
1306 927 1312 961 μ
1366 968 1368 971 .

359 1011 389 1079 5.
404 1012 545 1077 Ablativi
555 1031 668 1076 causae
678 1031 772 1076 usum
782 1013 1021 1077 Frontiniunum
1036 1012 1213 1078 ommatius
1227 1010 1382 1093 exemplis

271 1120 426 1184 illustrare
447 1120 526 1182 mihi
549 1137 628 1203 opus
651 1137 719 1183 osse
742 1138 806 1182 non
828 1119 966 1201 videtin,
993 1137 1066 1182 cum
1093 1119 1170 1182 haec
1192 1117 1381 1186 constructio

272 1231 303 1291 et
323 1245 393 1290 raro
412 1246 431 1289 a
448 1225 599 1290 Frontino
621 1230 771 1310 usurpata
790 1227 831 1289 sit
853 1230 884 1289 et
907 1223 1053 1288 omnibus
1072 1223 1135 1288 fere
1157 1224 1242 1306 locis,
1265 1222 1382 1307 quibus

271 1333 438 1414 invenitur,
460 1333 540 1396 nihil
562 1332 678 1394 insoliti
708 1331 861 1394 exhibeat.
907 1330 1078 1414 Coniungit
1105 1331 1190 1394 enim
1212 1329 1382 1394 Frontinus

270 1440 358 1503 bunc
373 1459 480 1503 cusum
503 1459 577 1502 oum
599 1437 703 1502 verbis
726 1439 933 1502 intmnsitivis
948 1436 1031 1522 (raro
1047 1456 1121 1500 cum
1136 1436 1382 1514 transitivislad

272 1546 509 1630 exprimendam
531 1565 658 1610 censam
685 1547 718 1608 in
745 1546 812 1628 ipso
840 1544 978 1609 subiecto
1005 1546 1154 1628 positam3
1182 1544 1382 1627 participium

271 1671 336 1716 nou
366 1654 410 1716 ita
441 1671 533 1737 saepe
564 1652 625 1715 his⁴
649 1650 792 1715 ablativis
824 1651 1013 1734 adiungitur.
1068 1650 1163 1734 Apud
1194 1649 1382 1714 Frontinum

272 1759 354 1824 sicut
384 1759 468 1844 apud
498 1761 663 1844 scriptores
694 1759 840 1822 classicos
875 1760 1081 1822 inveniuntur
1110 1757 1251 1840 fiducie,
1285 1761 1380 1836 metu,

272 1865 458 1950 cupiditate,
483 1888 599 1947 umore,
623 1866 757 1949 potiore,
785 1868 973 1948 contemptu,
1003 1864 1127 1948 iuopia,
1151 1863 1380 1946 desperatione,

273 1993 326 2056 spe
352 1977 409 2036 etc.
459 1972 590 2036 Causam
622 1977 712 2035 extre
743 1971 919 2053 subiectum
951 1973 1083 2054 positam
1110 1969 1281 2036 Frontinus
1311 1987 1382 2037 raro

272 2079 332 2143 hoc
352 2078 489 2144 ablativo
513 2079 669 2163 exprimit,
692 2077 727 2140 ci.
751 2077 790 2141 do
813 2097 884 2160 squ.
909 2081 960 2156 24,
986 2084 1024 2140 16
1049 2095 1158 2144 eruore
1171 2075 1267 2158 fieri·
1290 2080 1341 2156 35,
1351 2081 1380 2140 :5

272 2185 435 2269 imperitia
453 2206 629 2268 uquarum,
654 2185 740 2266 aliis,·
762 2189 815 2248 str.
833 2183 858 2246 I.
878 2189 907 2265 5,
933 2189 970 2246 11
995 2183 1215 2267 imprudentia
1233 2201 1383 2262 succursu

273 2291 313 2356 Il.
337 2297 366 2374 3,
392 2298 432 2357 14
455 2292 567 2378 cipitia
588 2289 821 2370 marcentibus·
842 2289 899 2354 ΙΠ.
925 2295 953 2372 2,
977 2296 995 2353 9
1020 2287 1383 2371 reseruassemus,

273 2396 329 2461 lV.
358 2405 391 2479 5,
420 2403 460 2462 2⁰
493 2397 579 2480 fame
605 2397 742 2482 perisse,
775 2397 857 2475 eliis3
891 2397 1014 2480 saepius
1040 2396 1200 2459 invenitur
1227 2395 1383 2458 ablativus

275 2503 486 2588 remiserint
512 2505 643 2571 uomicae
674 2503 821 2571 Caesaris
847 2503 960 2584 datur,
993 2504 1155 2588 ureretur)
1186 2503 1221 2564 in
1246 2500 1316 2564 libr.
1344 2499 1383 2563 de

274 2611 377 2694 aquis3
404 2611 547 2674 similiter
574 2616 627 2674 str.
650 2609 690 2672 Il.
715 2615 744 2690 7,
773 2609 899 2696 tropis
921 2608 1062 2675 uouiue.
1109 2606 1170 2672 Sed
1196 2625 1288 2690 saepe
1313 2605 1382 2670 fieri

274 2735 337 2779 non
355 2721 470 2800 potest,
494 2722 530 2780 ut
551 2736 607 2800 pro
626 2721 709 2781 certo
729 2716 860 2798 dicatur,
882 2721 990 2780 utrum
1008 2713 1163 2778 ablativus
1181 2713 1383 2778 instrumenti

275 2841 315 2885 an
338 2841 450 2886 causeo
473 2822 658 2887 statuendus
680 2824 729 2887 sit
774 2822 862 2886 ldem
890 2821 1056 2885 dicendum
1084 2825 1131 2884 est
1157 2820 1196 2884 de
1221 2819 1383 2882 nonnullis

275 2928 447 3009 adiectiviS,
463 2948 543 3012 quac
552 2928 723 2993 Frontinus
736 2929 908 2993 secundum
919 2945 1117 2990 communem
1132 2927 1221 2990 latini
1230 2927 1383 2990 sermonis

275 3053 370 3099 usum
396 3053 469 3098 oum
496 3035 632 3099 ablativo
660 3036 835 3118 coniungit,
864 3035 900 3098 of.
929 3037 1109 3100 contentus:
1139 3031 1177 3096 de
1204 3052 1274 3115 aqu.
1305 3037 1339 3113 3,
1354 3036 1382 3096 2

275 3141 416 3230 conteuti
437 3162 502 3207 usu
525 3161 703 3224 uquarum·
725 3145 776 3205 str.
795 3140 849 3204 IV.
870 3146 899 3220 3,
925 3147 939 3203 1
965 3140 1042 3206 uiuo
1065 3143 1264 3220 contemtum,
1288 3145 1317 3219 3,
1342 3142 1382 3200 12

272 3247 453 3333 preputium
463 3248 615 3331 porticus
630 3251 814 3328 couteutus;
830 3247 964 3331 diprues:
980 3246 1019 3310 de
1034 3265 1104 3329 equ.
1122 3251 1173 3326 41,
1190 3249 1230 3308 26
1246 3244 1383 3330 dipsium

276 3355 501 3436 aduenticium
531 3355 688 3433 iusoleus3
722 3359 773 3417 str.
800 3353 824 3416 I.
853 3358 886 3434 3,
919 3357 937 3416 3
966 3350 1159 3418 successibus
1185 3350 1384 3434 proeliorum

274 3460 480 3544 incubonem,-
507 3462 665 3529 tumidus:
693 3464 777 3524 strat
804 3459 829 3524 Ι.
855 3465 910 3539 11,
939 3464 957 3522 2
985 3457 1178 3525 successibus
1208 3457 1384 3536 tumidum;

275 3568 394 3637 ulueu:
418 3574 470 3634 str.
493 3567 517 3631 1.
543 3575 572 3648 5,
596 3574 636 3632 36
661 3567 767 3634 oluere
789 3565 997 3647 successibus,

363 3673 482 3755 Verba,
523 3692 604 3758 queo
640 3675 737 3737 animi
781 3674 925 3737 affectum
958 3670 1147 3755 significant,
1188 3690 1261 3734 cum
1297 3669 1384 3736 nudo

277 3780 411 3845 ablativo
434 3780 602 3843 Frontinus
625 3781 788 3860 construit,
813 3780 848 3842 of.
872 3783 923 3842 str.
941 3777 966 3840 I.
988 3784 1038 3859 11,
1064 3785 1102 3842 19
1127 3783 1202 3844 utro
1221 3777 1383 3864 pauderet.

364 3883 393 3950 b.
421 3887 488 3950 Iam
516 3886 691 3967 videamus,
724 3886 801 3969 quid
828 3885 867 3949 de
893 3883 1023 3948 ablativi
1049 3885 1296 3948 instrumentalis
1323 3903 1385 3947 usu

277 3993 477 4058 monuniano
496 3994 537 4056 sit
555 3975 729 4056 dicendum.
771 3991 876 4055 Liceat
894 3995 999 4055 autem
1022 3993 1100 4054 mibi
1117 3991 1208 4054 iniis
1231 3991 1385 4074 exemplis
