<?xml version="1.0" encoding="UTF-8"?>
<!DOCTYPE html PUBLIC "-//W3C//DTD XHTML 1.0 Transitional//EN"
    "http://www.w3.org/TR/xhtml1/DTD/xhtml1-transitional.dtd">
<html xmlns="http://www.w3.org/1999/xhtml" xml:lang="en" lang="en">
 <head>
  <title>
</title>
<meta http-equiv="Content-Type" content="text/html;charset=utf-8" />
  <meta name='ocr-system' content='tesseract 3.04.00' />
  <meta name='ocr-capabilities' content='ocr_page ocr_carea ocr_par ocr_line ocrx_word'/>
</head>
<body>
  <div class='ocr_page' id='page_1' title='image "./quaestionosgram00kortgoog_0059.png"; bbox 0 0 3062 4540; ppageno 0'>
   <div class='ocr_carea' id='block_1_1' title="bbox 770 219 812 291">
    <p class='ocr_par' dir='ltr' id='par_1_1' title="bbox 770 219 812 291">
     <span class='ocr_line' id='line_1_1' title="bbox 770 219 812 291; baseline 0 0"><span class='ocrx_word' id='word_1_1' title='bbox 770 219 812 291; x_wconf 77' lang='lat'>54</span> 
     </span>
    </p>
   </div>
   <div class='ocr_carea' id='block_1_2' title="bbox 324 417 1345 510">
    <p class='ocr_par' dir='ltr' id='par_1_2' title="bbox 324 417 1345 510">
     <span class='ocr_line' id='line_1_2' title="bbox 324 417 1345 510; baseline -0.008 -18"><span class='ocrx_word' id='word_1_2' title='bbox 324 417 414 492; x_wconf 81' lang='lat' dir='ltr'>Haec</span> <span class='ocrx_word' id='word_1_3' title='bbox 436 425 475 492; x_wconf 91' lang='lat' dir='ltr'>de</span> <span class='ocrx_word' id='word_1_4' title='bbox 498 425 602 490; x_wconf 82' lang='lat' dir='ltr'>verbis</span> <span class='ocrx_word' id='word_1_5' title='bbox 630 445 703 490; x_wconf 87' lang='lat' dir='ltr'>curn</span> <span class='ocrx_word' id='word_1_6' title='bbox 730 425 954 510; x_wconf 78' lang='lat' dir='ltr'>praepositione</span> <span class='ocrx_word' id='word_1_7' title='bbox 981 423 1165 508; x_wconf 88' lang='lat' dir='ltr'>compositis.</span> <span class='ocrx_word' id='word_1_8' title='bbox 1215 418 1345 486; x_wconf 77' lang='lat' dir='ltr'><strong>Constat</strong></span> 
     </span>
    </p>
   </div>
   <div class='ocr_carea' id='block_1_3' title="bbox 231 527 1359 4142">
    <p class='ocr_par' dir='ltr' id='par_1_3' title="bbox 236 527 1350 1148">
     <span class='ocr_line' id='line_1_3' title="bbox 237 527 1344 618; baseline -0.007 -20"><span class='ocrx_word' id='word_1_9' title='bbox 237 553 331 600; x_wconf 91' lang='lat' dir='ltr'>usum</span> <span class='ocrx_word' id='word_1_10' title='bbox 359 533 457 596; x_wconf 87' lang='lat' dir='ltr'>dativi</span> <span class='ocrx_word' id='word_1_11' title='bbox 483 552 539 618; x_wconf 94' lang='lat' dir='ltr'>pro</span> <span class='ocrx_word' id='word_1_12' title='bbox 566 533 792 617; x_wconf 75' lang='lat' dir='ltr'><strong>praepositione</strong></span> <span class='ocrx_word' id='word_1_13' title='bbox 819 534 963 615; x_wconf 86' lang='lat' dir='ltr'>argentea</span> <span class='ocrx_word' id='word_1_14' title='bbox 996 547 1076 614; x_wconf 86' lang='lat' dir='ltr'>quae</span> <span class='ocrx_word' id='word_1_15' title='bbox 1103 527 1217 608; x_wconf 86' lang='lat' dir='ltr'>dicitur</span> <span class='ocrx_word' id='word_1_16' title='bbox 1243 529 1344 591; x_wconf 89' lang='lat' dir='ltr'>aetate</span> 
     </span>
     <span class='ocr_line' id='line_1_4' title="bbox 236 633 1345 722; baseline -0.007 -18"><span class='ocrx_word' id='word_1_17' title='bbox 236 642 326 704; x_wconf 87' lang='lat' dir='ltr'>latini</span> <span class='ocrx_word' id='word_1_18' title='bbox 340 639 493 706; x_wconf 87' lang='lat' dir='ltr'>sermonis</span> <span class='ocrx_word' id='word_1_19' title='bbox 509 640 609 722; x_wconf 86' lang='lat' dir='ltr'>magis</span> <span class='ocrx_word' id='word_1_20' title='bbox 625 639 786 722; x_wconf 80' lang='lat' dir='ltr'>magisque</span> <span class='ocrx_word' id='word_1_21' title='bbox 801 635 1036 718; x_wconf 78' lang='lat' dir='ltr'>increbrescere,</span> <span class='ocrx_word' id='word_1_22' title='bbox 1051 639 1145 720; x_wconf 87' lang='lat' dir='ltr'>atque</span> <span class='ocrx_word' id='word_1_23' title='bbox 1158 633 1345 698; x_wconf 81' lang='lat' dir='ltr'>Frontinum</span> 
     </span>
     <span class='ocr_line' id='line_1_5' title="bbox 239 740 1350 831; baseline -0.003 -21"><span class='ocrx_word' id='word_1_24' title='bbox 239 747 367 831; x_wconf 89' lang='lat' dir='ltr'>qnidam</span> <span class='ocrx_word' id='word_1_25' title='bbox 388 747 423 808; x_wconf 92' lang='lat' dir='ltr'>in</span> <span class='ocrx_word' id='word_1_26' title='bbox 446 746 504 809; x_wconf 92' lang='lat' dir='ltr'>hoc</span> <span class='ocrx_word' id='word_1_27' title='bbox 526 765 588 810; x_wconf 92' lang='lat' dir='ltr'>usu</span> <span class='ocrx_word' id='word_1_28' title='bbox 605 743 772 809; x_wconf 82' lang='lat' dir='ltr'>Liuianum</span> <span class='ocrx_word' id='word_1_29' title='bbox 791 744 1010 827; x_wconf 81' lang='lat' dir='ltr'>Taciteamque</span> <span class='ocrx_word' id='word_1_30' title='bbox 1029 740 1153 806; x_wconf 87' lang='lat' dir='ltr'>dicendi</span> <span class='ocrx_word' id='word_1_31' title='bbox 1175 743 1350 808; x_wconf 76' lang='lat' dir='ltr'>consueta.</span> 
     </span>
     <span class='ocr_line' id='line_1_6' title="bbox 239 845 1346 938; baseline -0.005 -22"><span class='ocrx_word' id='word_1_32' title='bbox 239 853 344 916; x_wconf 90' lang='lat' dir='ltr'>dinem</span> <span class='ocrx_word' id='word_1_33' title='bbox 375 852 505 938; x_wconf 90' lang='lat' dir='ltr'>paulum</span> <span class='ocrx_word' id='word_1_34' title='bbox 542 853 712 916; x_wconf 83' lang='lat' dir='ltr'>excessisse</span> <span class='ocrx_word' id='word_1_35' title='bbox 749 851 901 934; x_wconf 84' lang='lat' dir='ltr'>exemplis</span> <span class='ocrx_word' id='word_1_36' title='bbox 933 849 1036 914; x_wconf 86' lang='lat' dir='ltr'>allatis</span> <span class='ocrx_word' id='word_1_37' title='bbox 1067 851 1201 932; x_wconf 83' lang='lat' dir='ltr'>apparet</span> <span class='ocrx_word' id='word_1_38' title='bbox 1259 845 1346 910; x_wconf 88' lang='lat' dir='ltr'>Inter</span> 
     </span>
     <span class='ocr_line' id='line_1_7' title="bbox 238 954 1344 1043; baseline -0.005 -20"><span class='ocrx_word' id='word_1_39' title='bbox 238 958 336 1024; x_wconf 89' lang='lat' dir='ltr'>libros</span> <span class='ocrx_word' id='word_1_40' title='bbox 357 963 420 1024; x_wconf 90' lang='lat' dir='ltr'>tres</span> <span class='ocrx_word' id='word_1_41' title='bbox 442 959 561 1043; x_wconf 84' lang='lat' dir='ltr'>priores</span> <span class='ocrx_word' id='word_1_42' title='bbox 583 962 667 1022; x_wconf 88' lang='lat' dir='ltr'>strat</span> <span class='ocrx_word' id='word_1_43' title='bbox 687 962 718 1022; x_wconf 91' lang='lat' dir='ltr'>et</span> <span class='ocrx_word' id='word_1_44' title='bbox 738 957 808 1021; x_wconf 90' lang='lat' dir='ltr'>libr.</span> <span class='ocrx_word' id='word_1_45' title='bbox 833 960 981 1040; x_wconf 88' lang='lat' dir='ltr'>quartum</span> <span class='ocrx_word' id='word_1_46' title='bbox 1007 955 1141 1019; x_wconf 89' lang='lat' dir='ltr'>maiores</span> <span class='ocrx_word' id='word_1_47' title='bbox 1168 954 1344 1038; x_wconf 86' lang='lat' dir='ltr'>discrepan-</span> 
     </span>
     <span class='ocr_line' id='line_1_8' title="bbox 239 1065 929 1148; baseline -0.001 -18"><span class='ocrx_word' id='word_1_48' title='bbox 239 1067 299 1130; x_wconf 87' lang='lat' dir='ltr'>tias</span> <span class='ocrx_word' id='word_1_49' title='bbox 321 1084 385 1130; x_wconf 92' lang='lat' dir='ltr'>non</span> <span class='ocrx_word' id='word_1_50' title='bbox 408 1083 475 1130; x_wconf 89' lang='lat' dir='ltr'>esse</span> <span class='ocrx_word' id='word_1_51' title='bbox 497 1065 708 1148; x_wconf 83' lang='lat' dir='ltr'>cognovimus</span> <span class='ocrx_word' id='word_1_52' title='bbox 926 1138 929 1145; x_wconf 22' lang='lat'><strong>⁶</strong></span> 
     </span>
    </p>

    <p class='ocr_par' dir='ltr' id='par_1_4' title="bbox 231 1167 1354 1892">
     <span class='ocr_line' id='line_1_9' title="bbox 327 1167 1346 1253; baseline -0.004 -19"><span class='ocrx_word' id='word_1_53' title='bbox 327 1167 357 1234; x_wconf 83' lang='lat'>3.</span> <span class='ocrx_word' id='word_1_54' title='bbox 380 1171 452 1236; x_wconf 89' lang='lat' dir='ltr'>Jam</span> <span class='ocrx_word' id='word_1_55' title='bbox 474 1174 669 1235; x_wconf 88' lang='lat' dir='ltr'>transeamus</span> <span class='ocrx_word' id='word_1_56' title='bbox 696 1169 735 1232; x_wconf 85' lang='lat' dir='ltr'>ad</span> <span class='ocrx_word' id='word_1_57' title='bbox 762 1169 915 1252; x_wconf 87' lang='lat' dir='ltr'>dativum,</span> <span class='ocrx_word' id='word_1_58' title='bbox 943 1187 1038 1253; x_wconf 88' lang='lat' dir='ltr'>quem</span> <span class='ocrx_word' id='word_1_59' title='bbox 1066 1167 1173 1232; x_wconf 91' lang='lat' dir='ltr'>dicunt</span> <span class='ocrx_word' id='word_1_60' title='bbox 1201 1167 1346 1246; x_wconf 83' lang='lat' dir='ltr'>auctoris,</span> 
     </span>
     <span class='ocr_line' id='line_1_10' title="bbox 231 1271 1344 1361; baseline -0.007 -19"><span class='ocrx_word' id='word_1_61' title='bbox 231 1296 377 1361; x_wconf 47' lang='lat' dir='ltr'>‚quocum</span> <span class='ocrx_word' id='word_1_62' title='bbox 392 1275 487 1340; x_wconf 85' lang='lat' dir='ltr'>verba</span> <span class='ocrx_word' id='word_1_63' title='bbox 504 1276 629 1361; x_wconf 86' lang='lat' dir='ltr'>passiva</span> <span class='ocrx_word' id='word_1_64' title='bbox 647 1277 794 1359; x_wconf 84' lang='lat' dir='ltr'>coniungi</span> <span class='ocrx_word' id='word_1_65' title='bbox 816 1276 924 1340; x_wconf 86' lang='lat' dir='ltr'>solent</span> <span class='ocrx_word' id='word_1_66' title='bbox 961 1273 1050 1338; x_wconf 86' lang='lat' dir='ltr'>Haec</span> <span class='ocrx_word' id='word_1_67' title='bbox 1065 1273 1209 1356; x_wconf 85' lang='lat' dir='ltr'>exempla</span> <span class='ocrx_word' id='word_1_68' title='bbox 1222 1271 1344 1336; x_wconf 86' lang='lat' dir='ltr'>inveni:</span> 
     </span>
     <span class='ocr_line' id='line_1_11' title="bbox 240 1379 1345 1466; baseline -0.006 -20"><span class='ocrx_word' id='word_1_69' title='bbox 240 1383 279 1448; x_wconf 89' lang='lat' dir='ltr'>de</span> <span class='ocrx_word' id='word_1_70' title='bbox 310 1401 381 1466; x_wconf 89' lang='lat' dir='ltr'>aqu.</span> <span class='ocrx_word' id='word_1_71' title='bbox 411 1388 444 1464; x_wconf 87' lang='lat'>1,</span> <span class='ocrx_word' id='word_1_72' title='bbox 473 1386 509 1448; x_wconf 91' lang='grc'>17</span> <span class='ocrx_word' id='word_1_73' title='bbox 540 1402 626 1447; x_wconf 81' lang='lat' dir='ltr'>more</span> <span class='ocrx_word' id='word_1_74' title='bbox 651 1403 713 1465; x_wconf 83' lang='lat' dir='ltr'>per</span> <span class='ocrx_word' id='word_1_75' title='bbox 742 1381 844 1448; x_wconf 83' lang='lat' dir='ltr'>malta</span> <span class='ocrx_word' id='word_1_76' title='bbox 875 1380 957 1448; x_wconf 83' lang='lat' dir='ltr'>mibi</span> <span class='ocrx_word' id='word_1_77' title='bbox 988 1379 1092 1462; x_wconf 79' lang='lat' dir='ltr'>officia</span> <span class='ocrx_word' id='word_1_78' title='bbox 1121 1381 1260 1460; x_wconf 70' lang='grc'>6666616,</span> <span class='ocrx_word' id='word_1_79' title='bbox 1291 1380 1345 1441; x_wconf 84' lang='lat' dir='ltr'>etr.</span> 
     </span>
     <span class='ocr_line' id='line_1_12' title="bbox 240 1481 1348 1571; baseline -0.006 -15"><span class='ocrx_word' id='word_1_80' title='bbox 240 1487 265 1556; x_wconf 88' lang='grc' dir='ltr'>Ι.</span> <span class='ocrx_word' id='word_1_81' title='bbox 289 1493 318 1571; x_wconf 83' lang='lat'>2,</span> <span class='ocrx_word' id='word_1_82' title='bbox 341 1493 360 1552; x_wconf 84' lang='lat'>2</span> <span class='ocrx_word' id='word_1_83' title='bbox 383 1488 600 1571; x_wconf 79' lang='lat' dir='ltr'>iatemptatem</span> <span class='ocrx_word' id='word_1_84' title='bbox 626 1488 722 1554; x_wconf 79' lang='lat' dir='ltr'>militi</span> <span class='ocrx_word' id='word_1_85' title='bbox 748 1493 874 1570; x_wconf 68' lang='lat' dir='ltr'>nostru·</span> <span class='ocrx_word' id='word_1_86' title='bbox 905 1494 959 1569; x_wconf 92' lang='grc'>11,</span> <span class='ocrx_word' id='word_1_87' title='bbox 982 1493 1001 1550; x_wconf 88' lang='grc'>6</span> <span class='ocrx_word' id='word_1_88' title='bbox 1029 1486 1225 1554; x_wconf 80' lang='lat' dir='ltr'>destinatam</span> <span class='ocrx_word' id='word_1_89' title='bbox 1250 1481 1348 1550; x_wconf 85' lang='lat' dir='ltr'>Lace·</span> 
     </span>
     <span class='ocr_line' id='line_1_13' title="bbox 241 1589 1348 1680; baseline -0.003 -20"><span class='ocrx_word' id='word_1_90' title='bbox 241 1594 435 1676; x_wconf 81' lang='lat' dir='ltr'>daemoaiis;</span> <span class='ocrx_word' id='word_1_91' title='bbox 456 1593 497 1658; x_wconf 92' lang='grc' dir='ltr'>Π.</span> <span class='ocrx_word' id='word_1_92' title='bbox 524 1600 551 1676; x_wconf 87' lang='grc'>1,</span> <span class='ocrx_word' id='word_1_93' title='bbox 575 1598 614 1657; x_wconf 90' lang='grc'>16</span> <span class='ocrx_word' id='word_1_94' title='bbox 638 1592 800 1660; x_wconf 80' lang='lat' dir='ltr'>Ariouisto</span> <span class='ocrx_word' id='word_1_95' title='bbox 826 1595 894 1680; x_wconf 80' lang='lat' dir='ltr'>rapi</span> <span class='ocrx_word' id='word_1_96' title='bbox 915 1593 1119 1675; x_wconf 61' lang='lat' dir='ltr'>institutam</span> <span class='ocrx_word' id='word_1_97' title='bbox 1146 1597 1176 1674; x_wconf 87' lang='grc'>3,</span> <span class='ocrx_word' id='word_1_98' title='bbox 1199 1597 1219 1656; x_wconf 83' lang='grc'>4</span> <span class='ocrx_word' id='word_1_99' title='bbox 1241 1589 1348 1658; x_wconf 81' lang='lat' dir='ltr'>media</span> 
     </span>
     <span class='ocr_line' id='line_1_14' title="bbox 241 1696 1348 1784; baseline -0.005 -15"><span class='ocrx_word' id='word_1_100' title='bbox 241 1701 325 1769; x_wconf 79' lang='lat' dir='ltr'>caes</span> <span class='ocrx_word' id='word_1_101' title='bbox 342 1699 536 1784; x_wconf 72' lang='lat' dir='ltr'>fortissimis</span> <span class='ocrx_word' id='word_1_102' title='bbox 557 1698 772 1782; x_wconf 70' lang='grc'>1661666166,</span> <span class='ocrx_word' id='word_1_103' title='bbox 794 1707 827 1782; x_wconf 88' lang='grc'>6,</span> <span class='ocrx_word' id='word_1_104' title='bbox 857 1705 897 1764; x_wconf 87' lang='grc'>26</span> <span class='ocrx_word' id='word_1_105' title='bbox 926 1701 1077 1768; x_wconf 81' lang='lat' dir='ltr'>destituta</span> <span class='ocrx_word' id='word_1_106' title='bbox 1097 1696 1348 1784; x_wconf 59' lang='lat' dir='ltr'>prosequatur-</span> 
     </span>
     <span class='ocr_line' id='line_1_15' title="bbox 242 1801 1354 1892; baseline -0.001 -18"><span class='ocrx_word' id='word_1_107' title='bbox 242 1807 316 1891; x_wconf 69' lang='grc'>1116,</span> <span class='ocrx_word' id='word_1_108' title='bbox 337 1807 395 1871; x_wconf 89' lang='lat' dir='ltr'><strong>III.</strong></span> <span class='ocrx_word' id='word_1_109' title='bbox 412 1813 440 1888; x_wconf 86' lang='lat'>6,</span> <span class='ocrx_word' id='word_1_110' title='bbox 456 1812 476 1871; x_wconf 85' lang='lat'><strong>4</strong></span> <span class='ocrx_word' id='word_1_111' title='bbox 492 1801 637 1872; x_wconf 80' lang='lat' dir='ltr'>destituti</span> <span class='ocrx_word' id='word_1_112' title='bbox 653 1806 951 1892; x_wconf 73' lang='lat' dir='ltr'>propaqaatora&#39;bas</span> <span class='ocrx_word' id='word_1_113' title='bbox 965 1807 1013 1890; x_wconf 86' lang='lat' dir='ltr'>(cf.</span> <span class='ocrx_word' id='word_1_114' title='bbox 1029 1805 1139 1890; x_wconf 86' lang='lat' dir='ltr'>Draeg.</span> <span class='ocrx_word' id='word_1_115' title='bbox 1154 1805 1179 1868; x_wconf 91' lang='grc' dir='ltr'>Ι.</span> <span class='ocrx_word' id='word_1_116' title='bbox 1194 1825 1244 1888; x_wconf 85' lang='lat' dir='ltr'>pg.</span> <span class='ocrx_word' id='word_1_117' title='bbox 1261 1802 1354 1886; x_wconf 62' lang='grc'>6091</span> 
     </span>
    </p>

    <p class='ocr_par' dir='ltr' id='par_1_5' title="bbox 241 1911 1349 2424">
     <span class='ocr_line' id='line_1_16' title="bbox 329 1911 1347 1998; baseline -0.002 -22"><span class='ocrx_word' id='word_1_118' title='bbox 329 1911 359 1977; x_wconf 84' lang='grc'>4.</span> <span class='ocrx_word' id='word_1_119' title='bbox 382 1911 515 1978; x_wconf 83' lang='lat' dir='ltr'>Dativus</span> <span class='ocrx_word' id='word_1_120' title='bbox 538 1915 606 1996; x_wconf 84' lang='lat' dir='ltr'>qui,</span> <span class='ocrx_word' id='word_1_121' title='bbox 627 1913 794 1996; x_wconf 88' lang='lat' dir='ltr'>praecipue</span> <span class='ocrx_word' id='word_1_122' title='bbox 816 1913 899 1998; x_wconf 90' lang='lat' dir='ltr'>apud</span> <span class='ocrx_word' id='word_1_123' title='bbox 922 1917 1042 1996; x_wconf 83' lang='lat' dir='ltr'>poetas,</span> <span class='ocrx_word' id='word_1_124' title='bbox 1068 1917 1189 1976; x_wconf 90' lang='lat' dir='ltr'>motum</span> <span class='ocrx_word' id='word_1_125' title='bbox 1216 1911 1347 1976; x_wconf 76' lang='lat' dir='ltr'>cnloco</span> 
     </span>
     <span class='ocr_line' id='line_1_17' title="bbox 241 2017 1349 2105; baseline -0.005 -19"><span class='ocrx_word' id='word_1_126' title='bbox 241 2023 274 2086; x_wconf 93' lang='lat' dir='ltr'>in</span> <span class='ocrx_word' id='word_1_127' title='bbox 297 2022 402 2086; x_wconf 90' lang='lat' dir='ltr'>locum</span> <span class='ocrx_word' id='word_1_128' title='bbox 425 2019 592 2105; x_wconf 84' lang='lat' dir='ltr'>significat,</span> <span class='ocrx_word' id='word_1_129' title='bbox 615 2017 741 2103; x_wconf 86' lang='lat' dir='ltr'>(Draeg.</span> <span class='ocrx_word' id='word_1_130' title='bbox 764 2018 789 2083; x_wconf 92' lang='lat' dir='ltr'>I.</span> <span class='ocrx_word' id='word_1_131' title='bbox 812 2040 861 2104; x_wconf 87' lang='lat' dir='ltr'>pg.</span> <span class='ocrx_word' id='word_1_132' title='bbox 885 2018 966 2103; x_wconf 82' lang='lat'><strong>426)</strong></span> <span class='ocrx_word' id='word_1_133' title='bbox 995 2017 1117 2082; x_wconf 90' lang='lat' dir='ltr'>duobus</span> <span class='ocrx_word' id='word_1_134' title='bbox 1143 2019 1220 2082; x_wconf 90' lang='lat' dir='ltr'>locis</span> <span class='ocrx_word' id='word_1_135' title='bbox 1247 2021 1349 2082; x_wconf 87' lang='lat' dir='ltr'>exstat</span> 
     </span>
     <span class='ocr_line' id='line_1_18' title="bbox 241 2123 1349 2210; baseline 0 -20"><span class='ocrx_word' id='word_1_136' title='bbox 241 2127 310 2192; x_wconf 90' lang='lat' dir='ltr'>libr.</span> <span class='ocrx_word' id='word_1_137' title='bbox 334 2127 373 2190; x_wconf 92' lang='lat' dir='ltr'>de</span> <span class='ocrx_word' id='word_1_138' title='bbox 396 2147 477 2210; x_wconf 85' lang='lat' dir='ltr'>aqu,</span> <span class='ocrx_word' id='word_1_139' title='bbox 500 2127 535 2190; x_wconf 86' lang='lat' dir='ltr'>cl.</span> <span class='ocrx_word' id='word_1_140' title='bbox 562 2131 615 2208; x_wconf 84' lang='grc'>12,</span> <span class='ocrx_word' id='word_1_141' title='bbox 641 2131 680 2189; x_wconf 88' lang='grc'>12</span> <span class='ocrx_word' id='word_1_142' title='bbox 703 2147 785 2210; x_wconf 80' lang='lat' dir='ltr'>pars</span> <span class='ocrx_word' id='word_1_143' title='bbox 806 2125 1081 2204; x_wconf 82' lang='lat' dir='ltr'>Juliaecastella&#39;s</span> <span class='ocrx_word' id='word_1_144' title='bbox 1106 2123 1206 2192; x_wconf 81' lang='lat' dir='ltr'>Caelii</span> <span class='ocrx_word' id='word_1_145' title='bbox 1231 2125 1349 2191; x_wconf 80' lang='lat' dir='ltr'>moratis</span> 
     </span>
     <span class='ocr_line' id='line_1_19' title="bbox 243 2231 1349 2316; baseline -0.003 -16"><span class='ocrx_word' id='word_1_146' title='bbox 243 2233 447 2316; x_wconf 75' lang='lat' dir='ltr'>diffunditur</span> <span class='ocrx_word' id='word_1_147' title='bbox 469 2233 539 2316; x_wconf 82' lang='lat'>(31,</span> <span class='ocrx_word' id='word_1_148' title='bbox 567 2238 607 2296; x_wconf 83' lang='lat'>26</span> <span class='ocrx_word' id='word_1_149' title='bbox 637 2231 866 2300; x_wconf 79' lang='lat' dir='ltr'>dividebantur</span> <span class='ocrx_word' id='word_1_150' title='bbox 887 2233 926 2299; x_wconf 83' lang='lat' dir='ltr'>ia</span> <span class='ocrx_word' id='word_1_151' title='bbox 948 2233 1106 2316; x_wconf 83' lang='lat' dir='ltr'>castolla);</span> <span class='ocrx_word' id='word_1_152' title='bbox 1136 2237 1189 2313; x_wconf 87' lang='lat'>13,</span> <span class='ocrx_word' id='word_1_153' title='bbox 1215 2237 1257 2311; x_wconf 40' lang='grc'>11,</span> <span class='ocrx_word' id='word_1_154' title='bbox 1279 2231 1349 2314; x_wconf 79' lang='lat' dir='ltr'>pui-</span> 
     </span>
     <span class='ocr_line' id='line_1_20' title="bbox 243 2337 1149 2424; baseline -0.002 -18"><span class='ocrx_word' id='word_1_155' title='bbox 243 2340 362 2422; x_wconf 66' lang='grc'>166666</span> <span class='ocrx_word' id='word_1_156' title='bbox 384 2339 568 2424; x_wconf 74' lang='lat' dir='ltr'>repioaa&#39;bas</span> <span class='ocrx_word' id='word_1_157' title='bbox 590 2339 766 2406; x_wconf 74' lang='lat' dir='ltr'>diducatur</span> <span class='ocrx_word' id='word_1_158' title='bbox 788 2339 835 2420; x_wconf 85' lang='lat' dir='ltr'>(of.</span> <span class='ocrx_word' id='word_1_159' title='bbox 858 2337 970 2402; x_wconf 88' lang='lat' dir='ltr'>Deder.</span> <span class='ocrx_word' id='word_1_160' title='bbox 993 2359 1042 2423; x_wconf 87' lang='lat' dir='ltr'>pg.</span> <span class='ocrx_word' id='word_1_161' title='bbox 1069 2343 1149 2419; x_wconf 86' lang='grc'>180).</span> 
     </span>
    </p>

    <p class='ocr_par' dir='ltr' id='par_1_6' title="bbox 238 2442 1351 3380">
     <span class='ocr_line' id='line_1_21' title="bbox 331 2442 1349 2529; baseline 0 -21"><span class='ocrx_word' id='word_1_162' title='bbox 331 2442 360 2511; x_wconf 80' lang='lat'>5.</span> <span class='ocrx_word' id='word_1_163' title='bbox 384 2443 432 2510; x_wconf 88' lang='lat' dir='ltr'>De</span> <span class='ocrx_word' id='word_1_164' title='bbox 453 2465 516 2510; x_wconf 90' lang='lat' dir='ltr'>usu</span> <span class='ocrx_word' id='word_1_165' title='bbox 539 2446 635 2510; x_wconf 88' lang='lat' dir='ltr'>dativi</span> <span class='ocrx_word' id='word_1_166' title='bbox 658 2445 813 2509; x_wconf 88' lang='lat' dir='ltr'>commodi</span> <span class='ocrx_word' id='word_1_167' title='bbox 836 2445 892 2529; x_wconf 88' lang='lat' dir='ltr'>qui</span> <span class='ocrx_word' id='word_1_168' title='bbox 914 2444 1036 2527; x_wconf 83' lang='lat' dir='ltr'>dicitur,</span> <span class='ocrx_word' id='word_1_169' title='bbox 1058 2446 1113 2528; x_wconf 90' lang='lat' dir='ltr'>qui</span> <span class='ocrx_word' id='word_1_170' title='bbox 1135 2444 1349 2528; x_wconf 84' lang='lat' dir='ltr'>frequentissi-</span> 
     </span>
     <span class='ocr_line' id='line_1_22' title="bbox 243 2550 1349 2636; baseline 0.003 -20"><span class='ocrx_word' id='word_1_171' title='bbox 243 2573 315 2616; x_wconf 89' lang='lat' dir='ltr'>mus</span> <span class='ocrx_word' id='word_1_172' title='bbox 342 2557 389 2617; x_wconf 90' lang='lat' dir='ltr'>est</span> <span class='ocrx_word' id='word_1_173' title='bbox 416 2552 500 2636; x_wconf 89' lang='lat' dir='ltr'>apud</span> <span class='ocrx_word' id='word_1_174' title='bbox 526 2551 724 2634; x_wconf 71' lang='lat' dir='ltr'>llrontinum,</span> <span class='ocrx_word' id='word_1_175' title='bbox 751 2552 806 2616; x_wconf 88' lang='lat' dir='ltr'>sed</span> <span class='ocrx_word' id='word_1_176' title='bbox 833 2552 909 2614; x_wconf 88' lang='lat' dir='ltr'>nihil</span> <span class='ocrx_word' id='word_1_177' title='bbox 937 2553 1078 2616; x_wconf 83' lang='lat' dir='ltr'>inusitati</span> <span class='ocrx_word' id='word_1_178' title='bbox 1105 2550 1244 2634; x_wconf 84' lang='lat' dir='ltr'>praebet,</span> <span class='ocrx_word' id='word_1_179' title='bbox 1271 2550 1349 2619; x_wconf 85' lang='lat' dir='ltr'>nihil</span> 
     </span>
     <span class='ocr_line' id='line_1_23' title="bbox 245 2657 1350 2741; baseline -0.002 -19"><span class='ocrx_word' id='word_1_180' title='bbox 245 2659 353 2722; x_wconf 89' lang='lat' dir='ltr'>dicam.</span> <span class='ocrx_word' id='word_1_181' title='bbox 406 2658 486 2723; x_wconf 90' lang='lat' dir='ltr'>Item</span> <span class='ocrx_word' id='word_1_182' title='bbox 518 2658 614 2722; x_wconf 90' lang='lat' dir='ltr'>verba</span> <span class='ocrx_word' id='word_1_183' title='bbox 639 2679 764 2740; x_wconf 84' lang='lat' dir='ltr'>accere,</span> <span class='ocrx_word' id='word_1_184' title='bbox 793 2657 959 2741; x_wconf 78' lang='lat' dir='ltr'>opitulari,</span> <span class='ocrx_word' id='word_1_185' title='bbox 989 2657 1148 2740; x_wconf 83' lang='lat' dir='ltr'>imperare</span> <span class='ocrx_word' id='word_1_186' title='bbox 1173 2662 1229 2721; x_wconf 88' lang='lat' dir='ltr'>etc.</span> <span class='ocrx_word' id='word_1_187' title='bbox 1255 2661 1288 2722; x_wconf 91' lang='lat' dir='ltr'>et</span> <span class='ocrx_word' id='word_1_188' title='bbox 1313 2675 1350 2720; x_wconf 88' lang='lat' dir='ltr'>ea</span> 
     </span>
     <span class='ocr_line' id='line_1_24' title="bbox 245 2763 1350 2849; baseline -0.001 -21"><span class='ocrx_word' id='word_1_189' title='bbox 245 2785 325 2849; x_wconf 91' lang='lat' dir='ltr'>quae</span> <span class='ocrx_word' id='word_1_190' title='bbox 351 2784 407 2848; x_wconf 91' lang='lat' dir='ltr'>pro</span> <span class='ocrx_word' id='word_1_191' title='bbox 436 2767 612 2828; x_wconf 87' lang='lat' dir='ltr'>accusativo</span> <span class='ocrx_word' id='word_1_192' title='bbox 634 2768 756 2828; x_wconf 89' lang='lat' dir='ltr'>nostrae</span> <span class='ocrx_word' id='word_1_193' title='bbox 779 2765 906 2846; x_wconf 82' lang='lat' dir='ltr'>linguae</span> <span class='ocrx_word' id='word_1_194' title='bbox 928 2763 1069 2826; x_wconf 87' lang='lat' dir='ltr'>dativum</span> <span class='ocrx_word' id='word_1_195' title='bbox 1091 2767 1235 2846; x_wconf 90' lang='lat' dir='ltr'>poscunt,</span> <span class='ocrx_word' id='word_1_196' title='bbox 1263 2763 1350 2828; x_wconf 85' lang='lat' dir='ltr'>velut</span> 
     </span>
     <span class='ocr_line' id='line_1_25' title="bbox 238 2869 1350 2962; baseline -0.006 -23"><span class='ocrx_word' id='word_1_197' title='bbox 238 2893 382 2962; x_wconf 75' lang='lat' dir='ltr'>parcere,</span> <span class='ocrx_word' id='word_1_198' title='bbox 405 2871 600 2953; x_wconf 80' lang='lat' dir='ltr'>maledicere,</span> <span class='ocrx_word' id='word_1_199' title='bbox 620 2871 799 2954; x_wconf 74' lang='lat' dir='ltr'>arppb&#39;oare</span> <span class='ocrx_word' id='word_1_200' title='bbox 816 2871 894 2950; x_wconf 82' lang='lat' dir='ltr'>sim,</span> <span class='ocrx_word' id='word_1_201' title='bbox 911 2871 1008 2934; x_wconf 87' lang='lat' dir='ltr'>missa</span> <span class='ocrx_word' id='word_1_202' title='bbox 1024 2869 1112 2951; x_wconf 89' lang='lat' dir='ltr'>facio,</span> <span class='ocrx_word' id='word_1_203' title='bbox 1135 2871 1251 2952; x_wconf 87' lang='lat' dir='ltr'>quippe</span> <span class='ocrx_word' id='word_1_204' title='bbox 1270 2887 1350 2952; x_wconf 92' lang='lat' dir='ltr'>quae</span> 
     </span>
     <span class='ocr_line' id='line_1_26' title="bbox 245 2974 1351 3062; baseline -0.004 -20"><span class='ocrx_word' id='word_1_205' title='bbox 245 2984 276 3042; x_wconf 89' lang='lat' dir='ltr'>et</span> <span class='ocrx_word' id='word_1_206' title='bbox 301 2998 371 3042; x_wconf 91' lang='lat' dir='ltr'>raro</span> <span class='ocrx_word' id='word_1_207' title='bbox 399 2979 543 3062; x_wconf 86' lang='lat' dir='ltr'>legantur</span> <span class='ocrx_word' id='word_1_208' title='bbox 570 2977 653 3061; x_wconf 87' lang='lat' dir='ltr'>apud</span> <span class='ocrx_word' id='word_1_209' title='bbox 680 2975 865 3044; x_wconf 82' lang='lat' dir='ltr'>Frontinum</span> <span class='ocrx_word' id='word_1_210' title='bbox 894 2994 997 3059; x_wconf 90' lang='lat' dir='ltr'>neque</span> <span class='ocrx_word' id='word_1_211' title='bbox 1020 2975 1194 3058; x_wconf 90' lang='lat' dir='ltr'>quidquam</span> <span class='ocrx_word' id='word_1_212' title='bbox 1215 2974 1351 3040; x_wconf 88' lang='lat' dir='ltr'>habeant</span> 
     </span>
     <span class='ocr_line' id='line_1_27' title="bbox 244 3081 1350 3168; baseline -0.003 -20"><span class='ocrx_word' id='word_1_213' title='bbox 244 3085 371 3150; x_wconf 90' lang='lat' dir='ltr'>insoliti.</span> <span class='ocrx_word' id='word_1_214' title='bbox 408 3083 520 3168; x_wconf 90' lang='lat' dir='ltr'>Neque</span> <span class='ocrx_word' id='word_1_215' title='bbox 542 3103 616 3166; x_wconf 85' lang='lat' dir='ltr'>vero</span> <span class='ocrx_word' id='word_1_216' title='bbox 638 3083 901 3168; x_wconf 87' lang='lat' dir='ltr'>praetermiserim</span> <span class='ocrx_word' id='word_1_217' title='bbox 923 3089 986 3146; x_wconf 87' lang='lat' dir='ltr'>tres</span> <span class='ocrx_word' id='word_1_218' title='bbox 1003 3083 1088 3146; x_wconf 89' lang='lat' dir='ltr'>locos</span> <span class='ocrx_word' id='word_1_219' title='bbox 1105 3081 1175 3146; x_wconf 89' lang='lat' dir='ltr'>libr.</span> <span class='ocrx_word' id='word_1_220' title='bbox 1192 3081 1230 3146; x_wconf 92' lang='lat' dir='ltr'>de</span> <span class='ocrx_word' id='word_1_221' title='bbox 1249 3085 1350 3166; x_wconf 83' lang='lat' dir='ltr'>aquis,</span> 
     </span>
     <span class='ocr_line' id='line_1_28' title="bbox 246 3187 1351 3276; baseline -0.002 -21"><span class='ocrx_word' id='word_1_222' title='bbox 246 3190 362 3276; x_wconf 91' lang='lat' dir='ltr'>quibus</span> <span class='ocrx_word' id='word_1_223' title='bbox 385 3195 487 3255; x_wconf 78' lang='lat' dir='ltr'>exstat</span> <span class='ocrx_word' id='word_1_224' title='bbox 509 3190 634 3255; x_wconf 83' lang='lat' dir='ltr'>dativus</span> <span class='ocrx_word' id='word_1_225' title='bbox 658 3191 712 3274; x_wconf 93' lang='lat' dir='ltr'>qui</span> <span class='ocrx_word' id='word_1_226' title='bbox 731 3189 847 3253; x_wconf 85' lang='lat' dir='ltr'>dicitur</span> <span class='ocrx_word' id='word_1_227' title='bbox 864 3188 1028 3254; x_wconf 87' lang='lat' dir='ltr'>absolutus</span> <span class='ocrx_word' id='word_1_228' title='bbox 1043 3187 1094 3252; x_wconf 86' lang='lat' dir='ltr'>vel</span> <span class='ocrx_word' id='word_1_229' title='bbox 1108 3187 1289 3270; x_wconf 87' lang='lat' dir='ltr'>iudicantis,</span> <span class='ocrx_word' id='word_1_230' title='bbox 1312 3189 1351 3253; x_wconf 88' lang='lat' dir='ltr'>de</span> 
     </span>
     <span class='ocr_line' id='line_1_29' title="bbox 246 3293 1349 3380; baseline -0.001 -20"><span class='ocrx_word' id='word_1_231' title='bbox 246 3317 316 3380; x_wconf 89' lang='lat' dir='ltr'>aqu.</span> <span class='ocrx_word' id='word_1_232' title='bbox 333 3305 361 3380; x_wconf 87' lang='lat'>6,</span> <span class='ocrx_word' id='word_1_233' title='bbox 377 3304 394 3362; x_wconf 89' lang='grc'><strong>6</strong></span> <span class='ocrx_word' id='word_1_234' title='bbox 411 3297 561 3364; x_wconf 82' lang='lat' dir='ltr'>cuatibas</span> <span class='ocrx_word' id='word_1_235' title='bbox 576 3297 613 3364; x_wconf 88' lang='lat' dir='ltr'>ab</span> <span class='ocrx_word' id='word_1_236' title='bbox 628 3296 705 3362; x_wconf 77' lang='lat' dir='ltr'>arabe</span> <span class='ocrx_word' id='word_1_237' title='bbox 720 3295 842 3378; x_wconf 70' lang='grc'>1166116,</span> <span class='ocrx_word' id='word_1_238' title='bbox 857 3302 885 3377; x_wconf 92' lang='grc'>7,</span> <span class='ocrx_word' id='word_1_239' title='bbox 902 3302 917 3378; x_wconf 95' lang='grc'>1</span> <span class='ocrx_word' id='word_1_240' title='bbox 935 3300 965 3358; x_wconf 97' lang='grc'>61</span> <span class='ocrx_word' id='word_1_241' title='bbox 980 3302 997 3358; x_wconf 87' lang='lat'><strong>6</strong></span> <span class='ocrx_word' id='word_1_242' title='bbox 1017 3293 1169 3362; x_wconf 83' lang='lat' dir='ltr'>eaatibas</span> <span class='ocrx_word' id='word_1_243' title='bbox 1182 3294 1220 3362; x_wconf 86' lang='lat' dir='ltr'>ab</span> <span class='ocrx_word' id='word_1_244' title='bbox 1234 3293 1349 3362; x_wconf 83' lang='lat' dir='ltr'>Roma.</span> 
     </span>
    </p>

    <p class='ocr_par' dir='ltr' id='par_1_7' title="bbox 245 3399 1359 4142">
     <span class='ocr_line' id='line_1_30' title="bbox 333 3399 1352 3485; baseline 0 -19"><span class='ocrx_word' id='word_1_245' title='bbox 333 3399 363 3466; x_wconf 84' lang='grc'>6.</span> <span class='ocrx_word' id='word_1_246' title='bbox 391 3403 493 3468; x_wconf 87' lang='lat' dir='ltr'>Venio</span> <span class='ocrx_word' id='word_1_247' title='bbox 530 3403 569 3466; x_wconf 87' lang='lat' dir='ltr'>ad</span> <span class='ocrx_word' id='word_1_248' title='bbox 606 3402 746 3466; x_wconf 85' lang='lat' dir='ltr'>dativum</span> <span class='ocrx_word' id='word_1_249' title='bbox 781 3401 1040 3485; x_wconf 86' lang='lat' dir='ltr'>praedicativum,</span> <span class='ocrx_word' id='word_1_250' title='bbox 1078 3402 1133 3484; x_wconf 88' lang='lat' dir='ltr'>qui</span> <span class='ocrx_word' id='word_1_251' title='bbox 1171 3401 1352 3485; x_wconf 84' lang='lat' dir='ltr'>adiungitur</span> 
     </span>
     <span class='ocr_line' id='line_1_31' title="bbox 245 3507 1351 3593; baseline -0.001 -20"><span class='ocrx_word' id='word_1_252' title='bbox 245 3511 375 3576; x_wconf 81' lang='lat' dir='ltr'>vocibus</span> <span class='ocrx_word' id='word_1_253' title='bbox 412 3530 542 3590; x_wconf 82' lang='lat' dir='ltr'>nemea,</span> <span class='ocrx_word' id='word_1_254' title='bbox 582 3527 764 3593; x_wconf 77' lang='lat' dir='ltr'>aoqaomea.</span> <span class='ocrx_word' id='word_1_255' title='bbox 814 3509 1039 3572; x_wconf 84' lang='lat' dir='ltr'>Adnotandum</span> <span class='ocrx_word' id='word_1_256' title='bbox 1070 3512 1129 3589; x_wconf 84' lang='lat' dir='ltr'>est,</span> <span class='ocrx_word' id='word_1_257' title='bbox 1166 3507 1351 3572; x_wconf 73' lang='lat' dir='ltr'>Frontinum</span> 
     </span>
     <span class='ocr_line' id='line_1_32' title="bbox 246 3613 1351 3702; baseline -0.004 -20"><span class='ocrx_word' id='word_1_258' title='bbox 246 3637 367 3702; x_wconf 86' lang='lat' dir='ltr'>semper</span> <span class='ocrx_word' id='word_1_259' title='bbox 398 3618 538 3682; x_wconf 90' lang='lat' dir='ltr'>dativum</span> <span class='ocrx_word' id='word_1_260' title='bbox 576 3613 736 3694; x_wconf 83' lang='lat' dir='ltr'>exhibere,</span> <span class='ocrx_word' id='word_1_261' title='bbox 775 3614 898 3678; x_wconf 91' lang='lat' dir='ltr'>duobus</span> <span class='ocrx_word' id='word_1_262' title='bbox 935 3615 1011 3678; x_wconf 92' lang='lat' dir='ltr'>loois</span> <span class='ocrx_word' id='word_1_263' title='bbox 1048 3615 1198 3698; x_wconf 81' lang='lat' dir='ltr'>exceptis,</span> <span class='ocrx_word' id='word_1_264' title='bbox 1236 3613 1351 3698; x_wconf 90' lang='lat' dir='ltr'>quibus</span> 
     </span>
     <span class='ocr_line' id='line_1_33' title="bbox 246 3720 1350 3808; baseline -0.005 -20"><span class='ocrx_word' id='word_1_265' title='bbox 246 3725 410 3808; x_wconf 83' lang='lat' dir='ltr'>genetivus</span> <span class='ocrx_word' id='word_1_266' title='bbox 425 3722 605 3787; x_wconf 88' lang='lat' dir='ltr'>nominibus</span> <span class='ocrx_word' id='word_1_267' title='bbox 623 3722 732 3785; x_wconf 88' lang='lat' dir='ltr'>tertiae</span> <span class='ocrx_word' id='word_1_268' title='bbox 751 3721 965 3784; x_wconf 83' lang='lat' dir='ltr'>declinationis</span> <span class='ocrx_word' id='word_1_269' title='bbox 984 3720 1151 3784; x_wconf 88' lang='lat' dir='ltr'>adiunctus</span> <span class='ocrx_word' id='word_1_270' title='bbox 1167 3724 1227 3800; x_wconf 88' lang='lat' dir='ltr'>est;</span> <span class='ocrx_word' id='word_1_271' title='bbox 1250 3723 1350 3784; x_wconf 91' lang='lat' dir='ltr'>nomi-</span> 
     </span>
     <span class='ocr_line' id='line_1_34' title="bbox 248 3827 1351 3914; baseline 0.002 -22"><span class='ocrx_word' id='word_1_272' title='bbox 248 3832 372 3894; x_wconf 87' lang='lat' dir='ltr'>nativus</span> <span class='ocrx_word' id='word_1_273' title='bbox 394 3849 518 3914; x_wconf 91' lang='lat' dir='ltr'>prorsus</span> <span class='ocrx_word' id='word_1_274' title='bbox 543 3831 658 3892; x_wconf 87' lang='lat' dir='ltr'>vitatus</span> <span class='ocrx_word' id='word_1_275' title='bbox 681 3834 736 3895; x_wconf 88' lang='lat' dir='ltr'>est.</span> <span class='ocrx_word' id='word_1_276' title='bbox 782 3827 824 3892; x_wconf 82' lang='lat' dir='ltr'>Of.</span> <span class='ocrx_word' id='word_1_277' title='bbox 842 3828 969 3910; x_wconf 80' lang='lat' dir='ltr'>de&#39;aqu.</span> <span class='ocrx_word' id='word_1_278' title='bbox 987 3834 1016 3908; x_wconf 86' lang='grc'>6,</span> <span class='ocrx_word' id='word_1_279' title='bbox 1037 3833 1076 3891; x_wconf 81' lang='grc'>19</span> <span class='ocrx_word' id='word_1_280' title='bbox 1096 3827 1148 3892; x_wconf 83' lang='lat' dir='ltr'>cai</span> <span class='ocrx_word' id='word_1_281' title='bbox 1167 3827 1205 3893; x_wconf 90' lang='lat' dir='ltr'>ab</span> <span class='ocrx_word' id='word_1_282' title='bbox 1224 3831 1351 3894; x_wconf 83' lang='lat' dir='ltr'>auctore</span> 
     </span>
     <span class='ocr_line' id='line_1_35' title="bbox 250 3932 1351 4016; baseline -0.001 -17"><span class='ocrx_word' id='word_1_283' title='bbox 250 3933 392 4002; x_wconf 80' lang='lat' dir='ltr'>Marciae</span> <span class='ocrx_word' id='word_1_284' title='bbox 420 3956 536 4000; x_wconf 80' lang='lat' dir='ltr'>nemea</span> <span class='ocrx_word' id='word_1_285' title='bbox 568 3939 629 4016; x_wconf 71' lang='grc'>661,</span> <span class='ocrx_word' id='word_1_286' title='bbox 661 3940 690 4016; x_wconf 86' lang='grc'>7,</span> <span class='ocrx_word' id='word_1_287' title='bbox 719 3941 737 3998; x_wconf 90' lang='grc'>9</span> <span class='ocrx_word' id='word_1_288' title='bbox 766 3933 948 4016; x_wconf 68' lang='lat' dir='ltr'>supertritae</span> <span class='ocrx_word' id='word_1_289' title='bbox 979 3954 1084 4016; x_wconf 71' lang='lat' dir='ltr'>aeaeae</span> <span class='ocrx_word' id='word_1_290' title='bbox 1115 3933 1153 3999; x_wconf 85' lang='lat' dir='ltr'>ab</span> <span class='ocrx_word' id='word_1_291' title='bbox 1185 3932 1351 3998; x_wconf 78' lang='lat' dir='ltr'>inventore</span> 
     </span>
     <span class='ocr_line' id='line_1_36' title="bbox 250 4037 1359 4142; baseline -0.002 -36"><span class='ocrx_word' id='word_1_292' title='bbox 250 4061 366 4142; x_wconf 69' lang='lat' dir='ltr'>opipera</span> <span class='ocrx_word' id='word_1_293' title='bbox 395 4040 507 4126; x_wconf 81' lang='lat' dir='ltr'>Juliae</span> <span class='ocrx_word' id='word_1_294' title='bbox 538 4041 652 4106; x_wconf 84' lang='lat' dir='ltr'>datam</span> <span class='ocrx_word' id='word_1_295' title='bbox 682 4045 743 4122; x_wconf 81' lang='lat' dir='ltr'>est;</span> <span class='ocrx_word' id='word_1_296' title='bbox 779 4047 812 4120; x_wconf 85' lang='grc'>9,</span> <span class='ocrx_word' id='word_1_297' title='bbox 846 4045 883 4104; x_wconf 94' lang='grc'>17</span> <span class='ocrx_word' id='word_1_298' title='bbox 919 4039 1013 4106; x_wconf 83' lang='lat' dir='ltr'>alteri</span> <span class='ocrx_word' id='word_1_299' title='bbox 1044 4059 1162 4105; x_wconf 79' lang='lat' dir='ltr'>nomeu</span> <span class='ocrx_word' id='word_1_300' title='bbox 1196 4037 1359 4115; x_wconf 76' lang='lat' dir='ltr'>Claudiae,</span> 
     </span>
    </p>
   </div>
   <div class='ocr_carea' id='block_1_4' title="bbox 418 4145 425 4154">
    <p class='ocr_par' dir='ltr' id='par_1_8' title="bbox 418 4145 425 4154">
     <span class='ocr_line' id='line_1_37' title="bbox 418 4145 425 4154; baseline 0 0"><span class='ocrx_word' id='word_1_301' title='bbox 418 4145 425 4154; x_wconf 64' lang='lat' dir='ltr'>a</span> 
     </span>
    </p>
   </div>
   <div class='ocr_carea' id='block_1_5' title="bbox 0 0 1545 4540">
    <p class='ocr_par' dir='ltr' id='par_1_9' title="bbox 0 0 1545 4540">
     <span class='ocr_line' id='line_1_38' title="bbox 0 0 1545 4540; baseline 0 0"><span class='ocrx_word' id='word_1_302' title='bbox 0 0 1545 4540; x_wconf 95' lang='lat' dir='ltr'> </span> 
     </span>
    </p>
   </div>
  </div>
 </body>
</html>
