3062 4540
698 221 740 286 45

168 419 409 488 inimicissimas
441 416 542 501 Opem
577 417 724 499 scribae,
761 415 798 498 of.
834 414 873 479 de
904 433 974 498 aqu
1008 418 1064 494 36,
1100 413 1119 476 2
1152 431 1273 482 mooam

167 529 329 593 auctorem
354 525 576 608 imperatorem
602 521 746 589 Nervam
771 519 1007 605 praesembemie
1034 517 1143 598 titula·
1172 518 1229 598 41,
1251 521 1272 580 4

163 635 406 716 procuratorem
445 628 539 712 officii
581 627 728 696 libertam
768 625 917 694 Caesaris
953 624 1101 706 smitam
1141 621 1273 688 verbum

167 739 305 802 activum
326 735 518 804 inveniendi
539 735 704 818 permultis
730 733 808 798 locis
834 733 976 798 omnium
997 730 1273 794 Frontiniauorum

168 861 309 926 operum,
331 843 498 926 praecipue
514 843 549 904 in
566 840 655 906 libris
673 839 713 904 de
731 840 834 923 aquis3
857 837 913 902 sed
931 838 1118 922 plerumque
1141 833 1273 900 dubium

169 953 227 1030 est,
263 953 370 1012 utrum
406 948 603 1012 accusativus
634 945 863 1031 praedicativus
898 963 939 1008 an
971 943 1169 1006 aecusativus
1200 959 1273 1004 eum

168 1053 323 1120 infinitivo
355 1055 541 1120 coniunctus
572 1051 822 1137 interpretandus
857 1050 912 1130 sit3
949 1047 1082 1116 verbum
1113 1048 1274 1132 passivum

167 1159 313 1226 masmim
342 1159 458 1242 legitur
484 1159 524 1223 de
550 1178 620 1242 aqu.
650 1165 683 1240 8,
710 1163 727 1222 7
758 1157 838 1238 oties,
868 1177 931 1238 quo
949 1205 957 1220 .
975 1205 982 1220 .
1001 1205 1034 1222 ..
1063 1152 1273 1238 respondem,

170 1265 307 1346 amiatae
332 1265 409 1330 iotae
434 1264 560 1332 Jum'as
585 1263 772 1344 moenitum
800 1267 855 1344 26,
883 1266 922 1326 21
951 1262 1065 1328 modae
1170 1263 1275 1326 aerim

168 1370 314 1436 iaoeaioi
323 1369 446 1454 potatu
464 1375 582 1451 tenere,
600 1370 755 1450 aetimare,
771 1367 949 1450 coatiaere,
966 1368 1117 1448 aetimare,
1138 1365 1174 1430 of.
1189 1369 1273 1430 strat.

169 1475 192 1539 I.
216 1481 250 1558 4,
279 1482 322 1540 96
349 1475 501 1544 barbaros
526 1477 668 1542 micatus
694 1478 830 1557 temeret;
855 1472 896 1541 ΙΙ,
925 1480 959 1557 9,
989 1481 1004 1538 1
1033 1474 1275 1552 insomnemque

169 1581 287 1648 hostem
324 1581 479 1662 detiaue't;
520 1581 560 1645 II.
599 1587 633 1660 5,
671 1586 710 1645 31
751 1584 954 1663 spectatorem
987 1601 1061 1652 eam
1097 1575 1275 1658 eoacto‘am't,⁸

169 1687 223 1750 IV.
243 1693 277 1768 4,
299 1694 312 1752 1
334 1688 467 1756 retectis
484 1687 530 1754 eis
548 1685 718 1766 obeidibmm
739 1685 867 1768 offerre,
888 1685 925 1749 cf.
944 1690 996 1758 stu.
1013 1685 1038 1750 Ι.
1058 1692 1092 1768 5,
1117 1689 1158 1748 14
1180 1703 1275 1764 seque

169 1793 280 1858 dacem
312 1793 439 1875 obtuitu
469 1792 635 1871 celebrare,
669 1793 704 1857 ef.
736 1791 791 1854 IV.
824 1797 854 1873 7,
888 1797 927 1856 13
961 1813 1040 1874 quoe
1070 1811 1177 1858 sacros
1203 1788 1275 1854 ceie-

170 1898 315 1965 trabam.
343 1934 382 1946 -
404 1897 554 1963 Nostrum
577 1901 628 1962 ‘zu
647 1903 743 1962 etwas
766 1897 905 1960 maehen‘
928 1917 1049 1981 semper
1071 1896 1167 1962 verbo
1191 1894 1275 1978 quod

170 2009 217 2068 est
246 2002 351 2086 faeere
378 2023 561 2089 expressum
588 2008 646 2086 est,
673 2023 737 2068 uno
763 2003 831 2068 loco
860 2008 1003 2087 excepto,
1032 2007 1085 2068 str.
1113 2001 1168 2066 IV.
1199 2007 1231 2083 1,
1255 2006 1274 2064 3

170 2131 220 2176 eos
233 2108 340 2194 fortes
357 2111 503 2193 reddam,
527 2110 583 2174 ubi
601 2110 719 2175 dictum
743 2109 827 2194 quod
845 2115 974 2174 vocatur
991 2113 1107 2189 exstat3
1131 2105 1276 2172 omuibus

171 2216 239 2280 aliis
261 2216 331 2280 libr.
354 2217 409 2280 IV.
432 2217 510 2280 locis
536 2214 669 2280 verbum
695 2217 828 2280 faciendi
855 2220 1033 2300 usurpatur.
1063 2251 1104 2264 —-
1130 2212 1275 2278 Eundem

171 2341 357 2386 consensum
372 2324 454 2386 inter
467 2320 536 2384 libr.
551 2321 677 2386 Ι-ΙΠ.
694 2327 724 2386 et
739 2321 807 2386 libr.
823 2319 877 2384 IV.
892 2322 1037 2387 videmus
1051 2322 1085 2384 in
1101 2317 1275 2384 adhibendo

171 2427 266 2492 verbo
294 2428 408 2495 habere
434 2447 507 2492 cum
536 2429 713 2492 accusativo
744 2427 960 2512 praedicativo.
1011 2426 1054 2496 ct.
1082 2445 1108 2490 e.
1134 2446 1163 2509 g.
1190 2427 1274 2488 strat

171 2532 195 2596 Ι.
221 2539 248 2616 1,
272 2541 290 2598 5
315 2534 400 2616 quod
422 2538 598 2616 suspectam
621 2533 753 2600 habebat
770 2533 889 2616 ficiem·
916 2537 949 2613 4,
974 2534 1012 2614 12
1037 2551 1116 2614 quos
1137 2529 1276 2613 captiuos

172 2637 345 2722 habebam·
375 2639 415 2705 Π.
443 2647 476 2722 5,
505 2644 545 2702 26
575 2660 668 2722 quem
691 2639 843 2722 quietam·
858 2638 1030 2720 habuerat·
1062 2645 1095 2719 5,
1123 2643 1163 2701 36
1197 2654 1276 2717 auos

168 2749 303 2826 paratos
333 2745 480 2828 habebat·
514 2743 571 2810 ΙΠ.
606 2751 660 2826 16,
690 2751 708 2808 5
742 2745 808 2810 duo
838 2745 929 2812 mitia
960 2747 1103 2828 suspecta
1134 2741 1276 2824 haberet·

171 2849 226 2912 IV.
251 2855 280 2931 7,
309 2855 348 2916 23
378 2871 456 2934 quoe
483 2855 639 2934 suspectos
666 2850 817 2934 habetat;
845 2857 874 2933 7,
901 2856 942 2916 42
970 2850 1136 2918 iateoritoa
1161 2848 1277 2915 milites

172 2955 293 3024 uuiaet.

258 3060 404 3146 Denique
425 3080 646 3146 commemoro,
669 3064 883 3130 accusativum
906 3063 1009 3145 illum,
1032 3081 1127 3146 quem
1149 3059 1277 3129 exhibet
1339 3077 1343 3100 ¹

173 3165 196 3230 G
214 3172 244 3232 et
262 3167 433 3236 Buecheler
450 3171 484 3232 in
502 3173 625 3234 textum
642 3169 759 3252 recepit
776 3169 816 3232 de
833 3189 903 3252 aqu.
928 3175 961 3251 5,
986 3174 1004 3232 2
1027 3167 1161 3250 Ourima,
1184 3167 1277 3234 iutra

173 3273 325 3356 omimium
351 3275 447 3356 dmm,
478 3295 576 3358 qaam
602 3279 673 3341 erat
698 3274 943 3342 duumuirum
968 3279 1108 3357 creatae,
1136 3272 1274 3354 amessa,

90 3437 91 3441 ,
173 3379 263 3444 valde
284 3381 318 3444 in
340 3381 551 3466 suspicionem
573 3379 751 3446 vocandum
774 3399 850 3446 esse.
1227 3451 1229 3458 ,

260 3481 289 3549 9.
318 3484 439 3550 Similia
469 3485 566 3551 verba
597 3491 721 3552 exstant
751 3484 835 3569 apud
862 3483 1060 3568 Frontinum,
1093 3503 1173 3570 quae
1204 3504 1277 3554 cum

172 3611 310 3676 praepos.
329 3613 391 3676 pro
413 3593 479 3656 loco
499 3593 667 3656 accusativi
689 3592 890 3677 praedicativi
913 3596 1150 3672 construuntur3
1174 3592 1212 3656 cf.
1237 3592 1276 3656 de

173 3718 243 3783 aqu.
277 3702 310 3780 2,
349 3704 365 3762 1
400 3718 492 3779 quem
521 3698 810 3781 (commentorium)
844 3719 906 3782 pro
933 3697 1087 3782 famula
1123 3697 1276 3782 respicere

169 3823 309 3888 possem
339 3808 423 3868 strat
450 3803 473 3872 Ι,
501 3804 595 3888 praef.
622 3825 664 3870 ao
690 3826 740 3871 aee
766 3825 830 3888 pro
856 3805 1020 3872 incurioso
1048 3803 1277 3889 reprehendam

175 3916 207 3992 6,
236 3916 252 3974 1
281 3907 403 3992 factam
424 3931 488 3994 pro
514 3909 675 3978 occasione
702 3910 855 3994 ampteai;
886 3917 940 3993 10,
968 3917 986 3976 3
1015 3911 1100 3994 qaod
1130 3909 1277 3979 iussam

169 4037 230 4101 pra
260 4020 345 4084 metu
375 4015 594 4102 iuterpretati;
627 4021 681 4104 12,
713 4021 730 4078 7
764 4017 800 4084 id
831 4037 893 4100 pro
925 4016 1011 4084 tristi
1041 4015 1277 4101 aquiicotioae
