3062 4540
683 184 700 244 ‘l

583 273 794 284 ——uu—-nan—-n

137 381 169 444 et
195 375 313 443 librum
339 377 394 442 IV.
416 376 623 462 intercedant,
654 377 838 462 detegentur
868 382 924 443 aut
949 395 1032 443 nova
1059 374 1242 463 argumenta
1335 467 1337 472 Α

137 483 305 567 addentur,
329 484 445 568 quibus
468 485 644 550 evidentius
666 490 825 569 appareat,
848 504 974 550 oausam
996 505 1060 550 non
1083 505 1163 570 esse,
1184 507 1242 552 cur

138 597 267 675 quartus
290 593 345 675 qui
367 591 466 656 fertur
485 591 566 656 liber
587 590 627 655 ab
650 610 695 673 eo,
719 591 775 675 qui
797 597 860 655 tres
877 593 998 675 priores
1016 594 1241 677 conscripserit,

137 697 341 763 abiudicetur.
389 695 473 773 Ques
491 697 570 762 duas
587 717 636 762 res
659 702 791 761 tractare
813 715 886 761 cum
908 703 1033 782 tempus
1055 700 1132 762 'mihi
1154 699 1241 780 desit,

136 803 196 868 hac
218 804 345 888 quidem
368 805 626 868 commentatione
648 803 727 867 mibi
754 805 915 888 proposui,
943 823 1069 870 omnem
1095 803 1240 888 loquendi

137 911 396 976 consuetudinem
413 908 651 974 Frontinianam
673 914 816 974 accurate
838 911 1032 994 perscrutari.

225 1017 415 1101 Priusquam
447 1023 553 1082 eutem
589 1018 629 1081 ad
660 1035 727 1081 rem
758 1017 835 1080 mihi
867 1018 1055 1100 propositam
1088 1019 1232 1084 accedam

137 1143 237 1210 pauca
257 1123 355 1188 verba
377 1123 416 1189 de
437 1123 740 1208 interpolationibus,
763 1124 820 1206 qui
842 1128 917 1187 sunt
938 1124 972 1187 in
990 1123 1078 1188 libris
1097 1130 1242 1210 stratege-

138 1236 253 1314 maton,
275 1230 407 1296 dicenda
428 1233 511 1294 sunt.
557 1229 804 1313 Strategematon
831 1229 927 1293 libros
950 1230 1152 1315 amplificatos
1175 1251 1243 1298 esse

138 1356 231 1402 nemo
258 1342 305 1402 est
327 1337 404 1421 quin
433 1335 589 1402 concedat.
633 1335 705 1399 dem
728 1354 802 1400 vero
830 1336 914 1418 quod
936 1335 1133 1402 Woelfflinus
1160 1339 1242 1421 dicit,

137 1443 394 1527 interpolationes
415 1443 486 1506 illas
502 1460 583 1526 quae
598 1443 709 1506 sintin
724 1441 793 1506 libr.
809 1441 920 1505 I—Hl
935 1462 954 1506 a
968 1443 1091 1508 falsario
1107 1445 1241 1528 quodam

138 1550 290 1635 profectos
299 1567 375 1632 esse,
389 1551 444 1633 qui
454 1553 602 1632 quartum
617 1567 744 1632 quoque
756 1547 872 1612 librum
887 1548 1041 1632 adiecerit,
1055 1552 1243 1634 quaestioni·

138 1656 198 1720 bus
229 1675 248 1720 a
279 1655 399 1719 lbitzeo
430 1660 461 1719 et
488 1653 698 1719 Esterncuxio
724 1655 876 1718 instituis
904 1655 1150 1720 demonstratum
1176 1676 1243 1722 esse

140 1763 278 1845 arbitror,
309 1779 374 1824 non
405 1761 509 1826 solum
539 1760 636 1825 libros
666 1765 729 1825 tres
764 1761 883 1844 priores
913 1761 969 1825 sed
1001 1763 1095 1826 etiarn
1125 1762 1241 1827 librum

140 1874 287 1953 quartum
310 1867 349 1932 ab
365 1887 429 1932 uno
444 1867 616 1952 codemque
630 1867 849 1951 interpolatore
864 1869 954 1932 novis
969 1870 1120 1953 exemplis
1135 1875 1242 1936 auctos

138 1977 191 2040 vel
212 1977 316 2060 potius
330 1975 510 2058 inquinatos
527 1991 612 2055 csse,
635 1993 697 2058 qua
719 1974 758 2037 de
780 1993 874 2037 causa
895 1973 962 2037 fieri
984 1993 1049 2037 non
1070 1979 1183 2058 potest,
1205 1981 1243 2040 ut
1275 1985 1277 1990 ’

139 2081 236 2162 idem,
266 2082 322 2164 qui
344 2086 408 2144 tres
429 2083 547 2164 priores
573 2079 672 2143 libres
699 2081 944 2162 interpolaverit,
972 2085 1079 2144 auctm
1105 2083 1147 2145 sit
1172 2082 1243 2146 libri

140 2189 251 2271 quarti.
297 2187 359 2252 Sed
385 2186 424 2251 de
450 2187 490 2250 iis
518 2187 671 2270 exemplis
699 2205 781 2270 quae
824 2205 840 2250 a
868 2185 1019 2250 Frontino
1046 2187 1149 2251 aliena
1170 2189 1242 2271 sint,

140 2299 234 2378 atque
257 2293 296 2358 de
317 2295 359 2357 iis
381 2295 499 2373 causis,
526 2311 568 2356 ex
592 2291 707 2376 quibus
735 2291 840 2374 colligi
862 2291 966 2374 liceat,
993 2312 1074 2376 quae
1100 2295 1244 2378 exempla

140 2399 308 2464 subditicio
342 2398 481 2484 putanda
517 2400 594 2481 sint,
629 2401 662 2462 in
694 2398 833 2462 diversas
868 2399 1040 2463 sententias
1071 2401 1132 2463 viri
1163 2401 1245 2464 docti

140 2505 305 2570 discedunt
327 2507 412 2569 etin
434 2509 600 2588 posterum,
623 2509 658 2567 ut
680 2504 757 2567 mihi
780 2503 905 2587 quidem
924 2505 1055 2586 videtur,
1078 2505 1243 2570 discedent.

140 2611 251 2696 Neque
271 2617 385 2695 tamem
407 2616 444 2675 ut
464 2611 556 2675 facile
578 2615 714 2694 apparet,
737 2611 953 2694 quaestionem
981 2611 1021 2674 ad
1044 2629 1080 2674 ea
1102 2613 1245 2696 exempla

142 2735 222 2801 quae
244 2735 286 2782 ex
308 2737 400 2802 opere
421 2719 560 2801 genuino
582 2715 771 2780 removenda
797 2717 860 2780 sint
886 2717 1091 2800 pertinentem
1117 2737 1245 2802 prorsus

141 2823 307 2907 neglegere
328 2823 407 2887 mihi
429 2824 525 2889 licuit.

229 2928 457 2994 Praefationem
487 2928 560 2993 libri
591 2930 685 3014 primi
722 2927 826 2993 verbis
862 2927 900 2995 st
937 2929 994 3013 qui
1025 2933 1124 2997 erunt
1147 2979 1154 2995 .
1177 2981 1184 2994 .
1206 2981 1243 2994 ..

137 3036 307 3120 posuimus
342 3040 449 3121 postea
484 3040 608 3100 auctam
645 3053 713 3100 esse
753 3039 881 3101 constat.
940 3035 1104 3100 Praeterea
1141 3041 1245 3100 autem

143 3142 407 3207 Gundermannus
432 3141 711 3225 'interpolationum
745 3141 805 3203 tria
834 3159 949 3224 genera
981 3142 1026 3222 (ci.
1055 3141 1148 3226 praef.
1176 3141 1244 3206 edit.

142 3270 171 3335 p.
189 3248 281 3312 Xlll.
299 3251 356 3332 sq.)
380 3248 536 3328 discernit,
558 3249 696 3332 primum
719 3246 863 3328 exempla
885 3266 969 3311 nova
987 3247 1103 3331 quibus
1126 3247 1245 3312 adiecto

142 3358 205 3420 iam
237 3355 317 3419 libro
353 3359 463 3437 quarto
497 3372 611 3437 corpus
642 3356 884 3435 strategematon
916 3358 1044 3416 auctum
1080 3355 1134 3433 sit3
1171 3354 1247 3417 haec

143 3462 286 3547 exempla
299 3461 485 3546 plerumque
502 3459 659 3543 incipiunt
673 3479 692 3522 a
706 3457 810 3522 verbis
824 3456 917 3524 Idem
926 3457 1019 3541 fecit.
1044 3459 1102 3522 nd.
1113 3459 1216 3523 Bauer
1222 3458 1246 3543 1)

144 3588 181 3634 ea
201 3567 391 3632 removenda
411 3585 476 3630 non
498 3583 567 3630 esse
589 3569 703 3628 censet
749 3561 913 3627 Contendit
935 3565 1033 3647 enim,
1062 3563 1247 3629 Frontinum

144 3694 208 3738 non
236 3675 338 3739 solum
365 3692 406 3738 ex
433 3673 556 3756 scriptis
578 3689 686 3734 rerum
708 3673 865 3754 gestarum
888 3670 1043 3752 hausisse,
1074 3670 1128 3734 sed
1156 3672 1247 3735 etiam

233 3921 254 3989 ¹)
271 3917 314 3975 Of.
332 3915 538 3974 Jahresbcricht
556 3915 624 3970 tiber
642 3913 686 3969 dic
705 3913 887 3970 Fortschritte
909 3913 958 3968 der
979 3914 1063 3970 klass.
1082 3913 1247 3969 Altertums-

18 4031 19 4038 ¹
145 4007 333 4064 wissenschaft
344 4023 398 4062 von
409 4004 649 4060 Bursian-Miller.
672 4003 715 4060 60.
726 4002 776 4059 Bd.
800 4002 896 4074 Jahrg.
908 4001 984 4060 1889.
1011 4004 1036 4059 3.
1046 4002 1140 4074 Abtlg.
1151 4019 1195 4074 pg.
1205 4003 1247 4058 60.
