3062 4540
172 1263 174 1270 Α
254 1143 449 1244 Sestinum
469 1177 611 1266 Frontini
635 1195 716 1263 quae
739 1177 776 1242 ad
801 1197 858 1242 nos
880 1183 1088 1264 pervenerunt
1110 1181 1253 1264 operibus

29 1301 35 1310 “
153 1285 214 1349 viri
224 1284 306 1348 docti
315 1285 378 1348 iam
389 1285 482 1348 enixe
496 1303 620 1368 operam
635 1285 771 1356 criticam
787 1285 914 1368 quidem
929 1281 1143 1350 adhibuerunt
1172 1286 1254 1352 Nam

152 1396 183 1455 et
207 1389 350 1455 Frontini
376 1391 511 1454 duorum
542 1390 708 1472 librorum,
739 1391 794 1474 qui
826 1389 865 1454 de
896 1392 987 1474 aquis
1019 1390 1106 1456 urbis
1137 1391 1254 1458 Romae

151 1496 373 1579 inscribuntur,
396 1497 490 1562 editio
514 1516 533 1560 a
554 1495 603 1580 Fr.
624 1492 816 1561 Buechelero
838 1501 945 1582 parata
968 1495 1103 1582 (Lipsiae
1128 1499 1223 1578 1858)
1232 1501 1253 1578 ¹)

152 1607 183 1667 et
205 1603 346 1668 eiusdem
370 1604 506 1668 auctoris
536 1607 775 1687 stratagematon
801 1602 954 1667 librorum
977 1609 1125 1687 quattuor
1151 1604 1254 1694 editio,

152 1729 248 1793 quam
271 1711 392 1774 curavit
410 1707 511 1775 Gotth.
528 1710 752 1774 Gundermann
774 1707 911 1794 (Lipsiae
936 1708 1042 1794 1888),
1065 1711 1141 1776 satis
1156 1731 1254 1776 accu-

151 1821 251 1881 ratam
283 1816 426 1882 codicum
453 1817 663 1901 cognitionem
689 1820 871 1900 certumque
898 1815 987 1880 crisis
1015 1815 1255 1882 fundamentum

150 1921 307 2006 praebent
351 1921 521 2006 Reliquum
544 1923 622 1986 mihi
644 1941 712 1986 esse
735 1921 869 2003 videtur,
891 1923 1065 1986 accuratius
1087 1924 1254 2007 inquirere,

151 2049 214 2112 qua
236 2028 360 2093 dicendi
382 2028 607 2093 consuetudine
628 2027 796 2092 Frontinus
818 2029 852 2090 in
874 2029 995 2111 scriptis
1018 2029 1083 2093 suis
1106 2049 1183 2094 usus
1205 2031 1253 2094 sit.

120 2218 122 2222 Ι
150 2117 194 2200 Ut
223 2135 305 2200 hano
335 2136 572 2220 investigarem,
609 2135 726 2220 duplici
761 2119 803 2199 er
838 2153 932 2198 causa
967 2139 1155 2200 commotus·
1174 2155 1254 2202 sum.

149 2241 292 2306 Primum
315 2242 442 2326 quidem
465 2242 500 2305 in
522 2243 628 2306 animo
654 2241 731 2305 mihi
759 2245 838 2322 erat,
866 2245 1019 2324 quantum
1046 2239 1116 2304 fieri
1142 2248 1253 2326 posset,

149 2353 293 2431 statuere,
316 2347 567 2432 quantopereab
590 2348 778 2432 optimorum
801 2347 985 2431 scriptorum
1007 2367 1069 2412 usu
1087 2346 1254 2413 Frontinus

150 2455 344 2539 discreparet,
367 2453 480 2519 deinde
498 2455 634 2538 experiri
653 2455 746 2535 volui,
768 2473 846 2517 num
869 2452 946 2535 quid
968 2472 1092 2537 possem
1115 2455 1254 2520 conferre

148 2561 188 2624 ad
204 2561 418 2644 quaestionem
432 2559 519 2623 illem
535 2559 776 2640 diiudicandam,
799 2577 879 2643 quae
893 2560 1026 2643 pertinet
1041 2559 1081 2624 ad
1097 2566 1254 2626 auctorem

148 2666 220 2731 libri
243 2667 299 2752 qui
320 2667 420 2732 fertur
442 2659 546 2751 quarti
568 2669 815 2750 stratagematon.

236 2763 477 2849 Quaestionibus
500 2772 584 2836 enim
607 2768 909 2854 C.Waehsmuthii²)
932 2775 963 2836 et
985 2771 1042 2836 Ed.
1053 2773 1253 2854 Woelfflini³t

148 2881 278 2944 innixus
306 2877 570 2943 Gundermannus
599 2881 745 2962 quartum
772 2881 1012 2960 stratagematon
1043 2868 1168 2944 librum
1190 2901 1254 2944 non

148 2986 248 3050 solum
272 3005 292 3049 a
312 2984 463 3049 Frontino
491 2981 742 3064 abiudieandum,
769 2982 824 3047 sed
851 2984 945 3048 etiam
968 2977 1105 3067 absalio,
1134 2987 1189 3069 qui
1220 2983 1258 3050 se

147 3091 333 3158 Frontinum
364 3110 431 3156 esse
462 3083 671 3175 profiteretur,
703 3090 742 3153 de
772 3088 926 3154 industria
961 3096 1067 3176 postea
1098 3091 1254 3157 adiectum

148 3217 216 3264 esse
238 3199 400 3278 consciit).
436 3197 475 3261 In
497 3196 631 3280 singulis
655 3195 780 3280 quidem
800 3192 895 3260 rebus
913 3215 986 3260 cum
1004 3197 1107 3262 causis
1130 3187 1254 3263 abillis

148 3306 224 3370 viris
256 3304 355 3370 allatu
385 3323 450 3368 non
475 3303 650 3385 consentit,
684 3301 739 3382 sed
774 3302 866 3372 novis
898 3304 1090 3386 argumentis
1114 3304 1253 3370 adiectis

211 3548 212 3552 =
236 3516 258 3588 ¹)
276 3515 359 3572 Nove
380 3515 465 3571 editio
492 3503 688 3570 commentario
714 3512 850 3568 instructa
875 3527 951 3568 nune
978 3517 1090 3592 paratur
1116 3527 1134 3568 e
1156 3511 1252 3569 Gotth.

148 3605 366 3662 Gundermanno
384 3603 470 3677 (Lips.
489 3602 556 3660 bibl.
574 3601 699 3672 Teubn.),
717 3607 750 3657 ut
767 3599 849 3656 modo
866 3600 929 3672 tegi.

237 3677 320 3764 noi.
338 3693 412 3750 Mus.
431 3692 519 3748 auen.
539 3687 606 3747 xv.
625 3691 717 3760 (raso)
734 3708 762 3762 p.
781 3689 929 3746 ara-eae.

236 3783 257 3854 ¹)
277 3781 319 3839 cf.
339 3781 462 3837 Hermae
480 3779 534 3836 vol.
552 3779 604 3836 IX.
622 3779 714 3849 (1872)
732 3795 759 3850 p,
779 3779 912 3860 22—92,
1124 3818 1126 3822 .
1150 3807 1153 3818 ι

235 3871 257 3942 ⁴)
275 3870 317 3927 cf.
337 3869 526 3937 Quaestiones
539 3868 574 3924 de
586 3868 614 3925 J.
628 3865 756 3922 Frontini
773 3865 859 3923 libn'a.
889 3865 985 3924 Jahrb.
1004 3858 1049 3923 fiir
1066 3867 1148 3923 klaes.
1161 3867 1253 3923 Philo·

146 3958 225 4030 logie.
262 3957 361 4030 Suppl.
380 3957 431 4014 Bd.
450 3956 532 4013 XVI.
551 3961 579 4011 et
596 3947 667 4012 auin
685 3955 813 4010 Frontint
831 3961 908 4013 strat.
927 3945 1010 4012 libros
1029 3961 1161 4029 quattuor
1182 3955 1253 4012 edid.

147 4045 310 4114 Gunderm,
329 4045 412 4118 praef.
431 4061 493 4118 pag.
512 4043 598 4102 x111.
