3062 4540
570 437 604 506 3.
627 437 682 505 lie
705 435 911 523 genetivo.

276 594 324 662 De
345 597 403 662 hoe
426 617 501 664 easu
523 617 587 662 nou
609 599 710 663 multa
731 599 766 662 in
788 596 1000 662 Frontinianis
1023 597 1145 682 scriptis
1167 596 1295 660 investi·

188 703 274 787 gavi,
301 721 383 787 quae
408 709 445 768 ut
472 704 680 790 discrepantia
707 703 746 768 ab
774 723 835 769 usu
862 704 1029 768 meliorum
1052 704 1237 787 scriptorum
1260 703 1294 764 iu

189 809 247 874 hae
278 811 460 895 quaestione
491 811 569 876 mihi
601 811 758 876 afferenda
788 809 982 875 videbantur.
1040 809 1078 874 In
1110 811 1294 874 universum

188 917 272 980 suun
304 916 473 982 Frontinus
510 917 545 982 iu
581 917 756 982 adhibendo
793 917 937 1001 genetivo
974 935 1048 981 oum
1079 914 1229 980 Cicerone
1265 920 1296 978 et

188 1021 318 1088 Caesare
343 1015 506 1107 consentit,
532 1024 595 1088 nisi
628 1023 713 1108 quod
744 1024 905 1090 nonnuliis
932 1024 1077 1104 licentiis,
1101 1039 1183 1106 quae
1208 1037 1296 1104 prae·

187 1129 278 1213 cipue
305 1129 345 1192 ad
371 1132 551 1212 genetivum
578 1131 761 1214 partitivum
788 1137 819 1196 et
846 1129 1037 1196 obiectivum
1064 1127 1103 1192 ab
1132 1126 1295 1192 1111111111

186 1235 373 1318 pendentem
397 1241 548 1320 spectant,
571 1237 610 1300 ad
628 1235 710 1300 Livii
726 1243 757 1301 et
771 1236 869 1301 Taciti
892 1235 1018 1300 dicendi
1036 1233 1294 1300 consuetudinem

187 1343 315 1429 propius
337 1342 464 1407 aooedit.
510 1342 571 1407 Sed
593 1344 717 1428 singula
740 1342 964 1427 aggrediamur.

277 1445 306 1514 l.
329 1447 377 1514 De
398 1449 543 1534 genetivo
565 1451 712 1534 partitive
733 1451 810 1514 haee
837 1450 915 1514 mihi
939 1447 1077 1512 notanda
1099 1447 1293 1512 videbantur.

276 1555 305 1633 a)
334 1555 479 1621 Genetivi
510 1575 529 1619 a
565 1556 720 1621 numerali
752 1575 829 1620 voce
863 1555 1041 1640 pendentis,
1078 1555 1134 1638 qui
1165 1558 1294 1637 excepto

184 1660 341 1726 vocabulo
354 1662 440 1729 mille
454 1681 580 1748 perraro
595 1663 756 1727 iuvenitur
778 1660 899 1747 (Dreeg.
913 1660 938 1728 Ι.
956 1667 1016 1726 107
1035 1665 1066 1725 11
1089 1661 1171 1741 448),
1193 1679 1294 1724 unum

187 1768 366 1852 exemplum
382 1787 417 1833 se
425 1769 503 1832 mihi
518 1769 631 1834 obtulit
644 1768 709 1854 (atr.
720 1768 775 1836 IV.
787 1774 815 1847 2,
826 1769 869 1853 9),
884 1769 923 1833 de
938 1787 1000 1853 quo
1015 1768 1079 1832 iarn
1095 1767 1162 1830 dixi
1177 1786 1226 1852 pg.
1243 1771 1294 1832 25.

275 1863 309 1957 b)
336 1873 434 1939 Haud
460 1877 504 1941 ita
531 1876 638 1940 multis
665 1875 741 1940 loeis
767 1877 933 1960 genetivus
964 1875 1123 1944 iuvenitur
1153 1879 1245 1958 aptus
1276 1893 1295 1938 a

187 1981 371 2064 pronomine
389 1981 440 2046 vel
463 1981 616 2047 adieetivo
638 1983 793 2047 numerali
816 1983 958 2046 neutrius
980 1983 1103 2066 generis
1125 1987 1156 2066 et
1178 1980 1217 2045 ab
1240 1979 1294 2046 ad·

188 2081 317 2169 verbus,
344 2092 381 2151 ut
407 2107 499 2172 saepe
526 2089 611 2173 apud
633 2087 813 2167 Cioeronem
840 2095 870 2154 et
896 2089 988 2172 aiios,
1018 2087 1075 2152 ubi
1100 2106 1159 2152 nos
1189 2089 1294 2172 potius

187 2199 407 2279 exspectamus
446 2213 619 2278 pronomen
647 2214 730 2260 eum
768 2195 964 2262 substantivo
1000 2197 1034 2258 in
1071 2195 1181 2260 eodem
1218 2213 1294 2258 essu

185 2301 338 2384 positum:
367 2301 405 2366 cf.
428 2302 467 2366 de
489 2321 561 2386 aqu.
585 2307 637 2383 37,
662 2308 701 2366 18
730 2303 811 2385 qaid
838 2322 1016 2386 aquarum
1045 2305 1130 2365 strat.
1153 2300 1177 2364 Ι.
1199 2301 1294 2384 praei.

187 2407 412 2492 exemplorum
426 2407 602 2491 quidquid;
626 2413 654 2489 2,
678 2415 696 2473 8
722 2409 802 2491 quid
823 2411 888 2491 11,·
911 2415 940 2490 2,
963 2415 980 2472 7
1007 2407 1134 2490 aliquid
1159 2407 1295 2474 insidia·
1343 2415 1344 2418 ’

186 2534 279 2596 rum;
308 2513 350 2578 II.
376 2517 471 2596 1,17
502 2513 674 2598 quiequam
706 2516 807 2582 seriae
838 2515 902 2597 rei;
933 2513 988 2578 IV.
1013 2521 1047 2596 5,
1070 2519 1087 2579 7
1117 2513 1152 2580 id
1179 2512 1293 2580 enimi.

186 2618 260 2683 Uno
281 2620 350 2684 loeo
373 2620 563 2686 adiectivum
590 2621 624 2682 in
652 2619 760 2685 eodem
789 2639 864 2684 essu
892 2618 930 2682 ad
960 2637 1131 2703 pronomen
1157 2619 1293 2702 positum

187 2730 247 2790 est:
271 2731 323 2792 str.
338 2725 378 2790 11.
395 2733 424 2808 5,
448 2733 489 2792 30
514 2726 654 2794 subitum
677 2726 803 2810 aliquid
825 2748 863 2794 oo
884 2725 1109 2792 necessarium.
1129 2761 1170 2772 -
1194 2723 1294 2789 Gene-

187 2833 273 2896 tivus
295 2832 483 2898 coniunctus
502 2837 550 2896 est
568 2851 641 2896 eum
660 2833 820 2897 adiectivis
838 2833 981 2896 neutrius
998 2832 1136 2916 generis:
1160 2831 1199 2895 de
1222 2850 1292 2916 aqu.

190 2943 240 3022 44,
265 2945 305 3004 14
329 2945 489 3023 wantum
512 2960 634 3023 uquam
661 2945 717 3022 44,
743 2947 781 3004 15
806 2939 1015 3022 aliquantum
1029 2937 1168 3022 piumdi;
1194 2936 1293 3004 stul.
1361 2969 1362 2972 ¹

191 3051 218 3128 1,
235 3051 274 3110 10
291 3045 498 3130 aliquantum
521 3046 686 3132 temporie·
710 3051 759 3128 11,
775 3051 793 3110 2
814 3045 1159 3130 petentempetentem
1186 3050 1235 3126 11,
1253 3048 1290 3108 17

187 3150 323 3219 maltum
355 3153 503 3236 terrori&
533 3153 574 3218 II.
595 3160 628 3236 4,
653 3159 671 3217 6
696 3157 824 3220 tontum
851 3153 999 3235 terrosi&
1029 3151 1084 3216 IV.
1115 3158 1146 3232 1,
1174 3157 1192 3214 5
1217 3149 1295 3234 pius

184 3258 359 3344 117111171ἱὶ,
380 3259 533 3324 adiectivo
554 3279 627 3324 oum
649 3261 795 3344 genetivo
814 3261 981 3323 eoniuneto
999 3258 1186 3342 praepositio
1209 3261 1295 3322 aute-
1325 3243 1329 3252 ’

187 3367 288 3450 posita
309 3371 364 3448 est,
387 3367 472 3450 quod
494 3368 557 3430 iam
580 3367 705 3450 saepius
725 3366 808 3450 apud
830 3365 955 3429 Livium
974 3369 1005 3428 et
1021 3364 1172 3446 Tacitum,
1194 3365 1295 3428 rarius

188 3472 270 3557 apud
301 3473 444 3538 meliores
476 3474 642 3557 scriptores
673 3474 835 3536 invenltur
866 3472 911 3552 (oi.
939 3469 1051 3554 Draeg.
1079 3469 1103 3534 I.
1130 3491 1179 3554 pg.
1205 3473 1292 3550 456):

188 3579 226 3644 de
252 3599 323 3663 aqu
350 3586 404 3662 11,
432 3583 472 3644 28
500 3579 540 3646 in
567 3583 696 3647 tantam
723 3578 909 3646 altitudinis
935 3579 1028 3658 (siout
1054 3573 1121 3639 Liv.
1145 3580 1196 3656 27,
1225 3574 1294 3659 28);

187 3691 239 3750 sir.
266 3685 308 3750 IL
336 3691 370 3768 2,
400 3691 417 3751 8
442 3707 503 3770 per
530 3685 737 3768 aliquantum
765 3685 869 3770 spatii.
920 3683 963 3748 Of.
990 3684 1020 3748 h.
1048 3702 1073 3746 o.
1100 3702 1149 3766 pg.
1180 3688 1228 3746 16.
1241 3718 1293 3738 .-

188 3791 268 3857 Looo
290 3797 395 3858 autem
422 3793 559 3876 genetivi
586 3792 726 3876 partitivi
752 3791 802 3855 his
829 3791 990 3856 adieetivis
1017 3807 1180 3872 uunquam
1206 3806 1294 3872 prae·

187 3899 299 3982 positio
322 3899 427 3963 addita
449 3904 505 3980 est
529 3899 614 3982 quod
637 3917 728 3982 saepe
751 3897 835 3982 apud
854 3896 979 3961 Livium
1003 3901 1035 3960 et
1051 3895 1202 3977 Tacitum,
1225 3913 1294 3958 raro

188 4005 271 4089 apud
295 4005 475 4070 Ciceronem
499 4011 530 4069 et
553 4004 715 4069 Gaesarem
739 4003 781 4070 fit
