3062 4540
730 229 938 339 A-

369 425 417 496 De
456 429 716 516 breviloquentia,
761 453 841 517 quoe
882 435 1041 499 invenitur
1082 430 1166 519 apud
1205 429 1385 517 genetivum

283 537 453 619 qualitatis,
477 538 543 601 dixi
565 559 614 622 pg.
639 545 689 603 36.

369 641 399 709 4.
427 643 572 709 Genetivi
600 645 746 710 obieetivi
773 665 867 710 usum
894 645 1133 710 Frontinisuum
1161 645 1312 728 exemplis
1338 646 1386 732 in·

282 751 401 813 sbuere
423 768 501 833 opus
523 769 586 813 nou
609 755 668 833 est,
694 752 810 835 quippe
832 753 867 814 iu
894 770 956 835 quo
974 767 1038 813 non
1060 749 1197 814 multum
1219 751 1273 833 sit,
1301 750 1385 834 quod

282 874 301 918 e
344 855 509 920 meliorum
549 857 735 941 scriptorum
780 856 902 922 dicendi
945 856 1171 920 consuetudine
1215 855 1384 922 abhorreat.

282 959 472 1045 Plerumque
503 964 586 1026 enim
618 963 703 1026 huuc
734 981 843 1027 cesum
878 981 951 1027 eum
986 961 1192 1027 substantivis
1223 962 1385 1026 abstractis

282 1065 451 1132 Frontinus
472 1069 635 1151 coniungit
657 1069 756 1133 velut:
781 1073 984 1152 contemptas,
1009 1069 1178 1152 cupiditas,
1206 1068 1384 1155 attipeatia,

282 1193 359 1256 spes,
375 1173 474 1257 fides,
491 1174 633 1257 fiducia,
658 1175 844 1258 admiratio,
869 1176 988 1256 lactas,
1007 1176 1126 1259 0110100,
1154 1179 1269 1258 metas,
1297 1174 1387 1242 mise·

281 1279 378 1360 ratio,
416 1281 616 1363 exspectatio,
654 1303 743 1348 cava.
797 1281 1010 1346 Commemoro
1047 1287 1169 1345 tautum
1205 1300 1258 1345 eos
1292 1282 1385 1364 locos,

282 1383 399 1466 quibus
421 1385 608 1450 reflexivnm
630 1388 685 1452 sai
707 1407 794 1452 more
812 1387 947 1452 Senecae
969 1387 1143 1472 philosophi
1167 1392 1199 1450 et
1214 1387 1311 1450 Taciti
1334 1389 1385 1472 (ct.

282 1487 393 1574 Draeg.
416 1490 440 1554 Ι.
463 1512 512 1576 pg.
536 1496 612 1572 470)
634 1500 748 1574 exstet,
775 1495 811 1557 cf.
835 1492 874 1557 de
896 1513 966 1577 aqu.
991 1500 1024 1573 9,
1049 1499 1090 1556 26
1114 1493 1291 1560 adiectione
1317 1493 1387 1576 sai·

284 1600 334 1677 12,
359 1601 398 1660 12
417 1602 545 1681 partem
567 1600 638 1682 sai;
659 1606 711 1666 str.
735 1600 758 1663 Ι.
783 1607 812 1681 5,
837 1602 877 1664 16
901 1599 955 1665 sai
977 1604 1204 1683 contemptam
1225 1598 1266 1662 11.
1290 1607 1319 1680 5,
1343 1606 1385 1664 44

281 1706 460 1786 contempta
495 1704 562 1786 cai,
600 1711 633 1770 et
667 1707 837 1770 nonnullos
871 1707 968 1788 10000,
1004 1705 1061 1769 ubi
1095 1707 1262 1790 genetivus
1293 1705 1386 1770 hebet

281 1807 411 1872 localem
437 1828 579 1874 sensum:
612 1817 664 1876 stv.
687 1810 728 1874 ΙΙ.
757 1817 790 1894 4,
820 1818 860 1876 10
893 1811 1091 1879 conversatio
1122 1815 1316 1894 castrorum,
1347 1811 1386 1875 de

281 1932 351 1996 equ.
375 1920 431 1997 44,
455 1920 495 1980 28
519 1916 721 1983 castellarum
743 1922 773 1982 et
793 1937 967 1984 mvcaeram
990 1917 1144 1985 stationes
1168 1947 1207 1970 =
1232 1917 1387 1984 stationes

281 2020 366 2087 circa
388 2021 524 2089 castello.

369 2123 398 2190 b.
421 2126 493 2190 lem
517 2146 590 2192 vero
613 2145 821 2192 commemoro
843 2127 987 2193 Fvoutmi
1011 2147 1078 2194 esse
1100 2131 1271 2214 proprium,
1292 2149 1384 2214 geue

280 2233 381 2296 tivum
403 2233 441 2296 in
469 2233 538 2300 libr.
562 2234 601 2298 de
628 2235 720 2317 aquis
748 2233 907 2318 adhibere,
938 2234 995 2298 ubi
1026 2237 1210 2320 praepositio
1242 2235 1281 2302 ia
1313 2255 1386 2300 oum

281 2337 416 2402 ablativo
439 2345 647 2425 exspectetur,
669 2341 706 2404 01.
729 2340 768 2404 de
790 2359 860 2424 aqu.
887 2347 941 2424 14,
965 2346 1006 2405 22
1028 2339 1181 2407 mactatae
1203 2341 1297 2409 babet
1317 2343 1386 2410 olia-

280 2445 374 2510 metti
396 2447 452 2526 (=
474 2446 513 2512 iva
535 2445 705 2529 diametra,
733 2447 815 2510 sicut
843 2453 897 2528 14,
924 2446 976 2529 16)
999 2447 1137 2532 dipitam
1163 2466 1285 2529 11111101,
1310 2449 1385 2512 item

279 2570 329 2634 pg.
356 2558 410 2634 14,
434 2557 474 2616 26
498 2555 529 2616 et
551 2553 607 2632 27;
638 2559 692 2634 15,
721 2549 819 2639 17118
843 2553 936 2620 babet
958 2574 1052 2620 areae
1075 2554 1132 2636 (==
1154 2553 1193 2620 ia
1216 2555 1322 2637 area),
1349 2555 1385 2620 ia

280 2662 326 2722 est
355 2657 491 2724 laminis
521 2659 583 2740 (τ.-
609 2659 649 2724 ia
685 2657 826 2733 lamiae)
856 2659 896 2724 ia
930 2659 1110 2725 rotandum
1141 2661 1239 2727 coacti
1269 2659 1386 2746 dtpitos

281 2763 458 2844 quadratae
493 2764 655 2846 quicqua
690 2766 763 2828 item
796 2765 910 2848 legitur
942 2783 1007 2847 eep.
1041 2769 1178 2828 39-63
1206 2765 1383 2848 perimetvi,

281 2868 439 2951 diametri
463 2870 651 2953 capacitatis
672 2889 730 2954 pro·
750 2888 852 2954 praep.
874 2871 914 2936 ia
936 2890 961 2933 0.
981 2869 1040 2932 abl.
1064 2869 1276 2955 compluribus
1298 2871 1383 2936 locis.

367 2971 397 3039 b.
430 2974 616 3039 Genetivum
648 2977 914 3060 appositionelem,
946 2995 1008 3060 quo
1039 2995 1095 3060 pro
1127 2979 1320 3061 appositione·
1350 2981 1384 3042 iu

280 3079 390 3144 eodem
412 3098 487 3145 casu
510 3080 678 3146 subiuncta
695 3083 860 3164 genetivus
878 3084 1012 3166 ponitur,
1035 3083 1098 3166 legi
1115 3083 1276 3146 nonnullis
1298 3083 1384 3166 loeis,

280 3185 317 3248 ct.
340 3185 379 3250 de
400 3205 470 3269 aqu.
495 3193 524 3269 4,
550 3193 588 3251 10
612 3187 677 3252 ima
695 3186 835 3256 Pabiicii
857 3189 954 3270 oliva·
978 3195 1027 3271 13,
1051 3195 1071 3252 4
1094 3189 1210 3255 clivam
1227 3187 1384 3273 Pataita

281 3299 310 3373 9,
336 3297 374 3356 18
398 3292 463 3357 dac
485 3291 629 3360 Anionis
652 3315 773 3377 aqaae;
795 3301 824 3377 7,
850 3302 889 3360 10
918 3294 1058 3378 Tepulae
1080 3295 1265 3378 appellatia;
1290 3301 1339 3380 14,
1364 3303 1383 3361 4

281 3397 456 3479 paicaviae
477 3398 625 3481 aomina
647 3405 730 3464 strat.
746 3399 770 3463 Ι.
786 3401 880 3484 praef.
896 3405 1140 3486 stratepematon
1158 3389 1384 3486 appallateam

281 3509 310 3585 3,
332 3510 351 3568 3
379 3503 583 3571 Gaectatovis
606 3526 738 3587 nomem
760 3505 800 3569 II.
827 3513 876 3590 11,
899 3513 916 3572 7
942 3527 1117 3594 copacmca
1143 3505 1337 3575 Germanici.

319 3613 322 3618 “
368 3609 539 3674 Genetivus
554 3611 822 3675 circumlocuticni
837 3614 967 3676 inservit
980 3612 1020 3677 de
1035 3631 1105 3696 equ.
1125 3617 1174 3693 13,
1192 3618 1232 3676 14
1247 3614 1383 3682 aomina

280 3715 512 3798 qaieaviavcm
526 3743 571 3774 ==
586 3717 777 3800 0010101100,
794 3723 843 3800 14,
861 3721 901 3781 22
916 3718 1034 3785 aedae
1047 3718 1198 3785 cadalao
1207 3727 1252 3772 '=
1267 3720 1382 3802 accim

279 3823 362 3887 stret.
380 3821 404 3885 I.
425 3827 453 3905 2,
477 3829 495 3887 9
520 3822 630 3905 (epaon
651 3825 694 3905 et)
718 3823 886 3890 bominum
909 3845 1056 3908 coopora;
1079 3831 1108 3907 ὅ,
1133 3830 1173 3890 20
1197 3825 1296 3891 caesis
1313 3847 1382 3910 cap

280 3926 418 3992 tinorum
439 3949 651 4011 pecovamqae
678 3929 861 4011 capacitas
883 3957 927 3986 π
949 3930 1083 4014 captivis
1105 3936 1174 4011 etc.;
1202 3929 1257 3995 IV.
1284 3938 1315 4015 1,
1341 3939 1381 3997 14

273 4053 335 4116 per
356 4053 488 4116 corpora
506 4033 682 4100 cohortium
704 4061 748 4088 =
764 4057 827 4120 per
849 4035 996 4102 cobortes.
