3062 4540
405 879 468 978 Dc
498 881 741 980 enuntiato
773 883 991 1004 simplici.

353 1076 383 1158 Ι.
419 1075 476 1158 De
503 1076 689 1160 subiecto
721 1079 765 1159 at
794 1078 1049 1180 praedicato.

235 1250 264 1318 1.
288 1251 540 1320 Constructionos
558 1255 741 1320 adsensum
756 1275 836 1340 quas
854 1262 968 1322 vocant
985 1254 1080 1340 (narie
1100 1255 1246 1343 σύνεσιν)

146 1380 165 1424 a
187 1360 335 1424 Frontino
361 1379 520 1445 nusquam
545 1363 590 1426 ita
616 1362 837 1446 admittuntur,
863 1368 900 1428 ut
925 1363 1057 1428 verbum
1082 1364 1250 1448 praedicati

144 1467 334 1532 innumero
360 1467 473 1551 plurali
498 1468 635 1552 positum
661 1467 701 1532 ad
727 1488 842 1534 nomen
871 1469 1069 1534 collectivum
1095 1470 1249 1555 singulari

143 1579 331 1658 usurpatum
366 1574 402 1637 in
433 1574 543 1638 eodem
580 1575 741 1639 enuntiato
771 1575 926 1640 referatur.
981 1574 1062 1642 Nam
1100 1576 1139 1640 de
1176 1595 1248 1660 aqu.

145 1685 180 1760 2,
204 1677 274 1764 8l9‚
302 1699 365 1764 quo
387 1699 452 1744 unc
474 1681 542 1744 loco
564 1699 734 1764 pronomen
757 1681 893 1765 quisque
914 1701 988 1747 cum
1010 1681 1105 1747 verbo
1127 1681 1249 1766 praedi·

144 1787 205 1850 cati
232 1787 345 1870 plurali
372 1792 521 1872 usurpato
551 1788 702 1870 scriptum
729 1787 928 1869 videbamus,
958 1805 1031 1852 oum
1057 1787 1248 1854 Buechelero

144 1911 231 1956 nunc
252 1893 399 1976 legimus:
421 1915 483 1976 per
504 1913 583 1976 qnos
604 1913 749 1976 qnoopne
770 1913 883 1960 comm
905 1941 914 1960 .
936 1941 944 1960 .
965 1941 999 1959 ..
1018 1895 1175 1977 perducto
1197 1893 1247 1960 eit.

145 1997 273 2063 —Sed
295 2000 329 2062 in
356 2001 525 2064 enuntiatis
551 1998 763 2064 subordinatis
788 1992 946 2064 interdum
973 1998 1148 2064 subiectum
1175 2019 1249 2064 cum

143 2105 321 2187 praedicato
350 2107 383 2168 in
409 2125 540 2170 numero
566 2105 681 2192 plurali
703 2107 906 2170 coniunctum
932 2110 1047 2187 exstat,
1073 2105 1113 2171 ad
1139 2124 1249 2172 vocem

144 2213 317 2276 sententiae
342 2213 522 2296 principalis
549 2213 743 2278 collectivam
770 2212 922 2296 singulari
947 2216 1128 2296 usurpatam
1155 2213 1249 2297 perti·

143 2335 230 2382 nens
275 2317 321 2383 of.
344 2323 429 2383 strat
452 2316 493 2380 m
517 2323 547 2401 7,
576 2324 614 2382 11
639 2339 678 2386 eo
695 2323 808 2402 parce
834 2319 974 2400 cedente,
1002 2319 1088 2402 qnod
1113 2319 1248 2386 ocmsnm

143 2426 343 2491 crederent
364 2423 539 2506 consulem
561 2423 601 2488 II.
627 2431 677 2504 11,
696 2430 714 2488 3
734 2423 921 2495 Alexander
946 2473 955 2490 .
978 2472 988 2490 .
1006 2425 1248 2508 perdomitaque

148 2530 316 2598 Thracio
337 2534 451 2614 petens
472 2529 599 2611 Asiam,
628 2530 763 2613 venitus,
792 2550 834 2598 ne
855 2535 931 2615 post
951 2531 1056 2614 ipsine
1077 2531 1248 2600 discessum

145 2642 336 2704 sumerent
366 2657 473 2717 annu,
505 2656 594 2722 repes
624 2657 848 2703 eornm...
874 2657 979 2702 mcum
1004 2637 1090 2703 ceint
1115 2636 1248 2704 bonnis

143 2765 243 2811 canen
266 2743 383 2824 inanit
409 2743 551 2807 similiter
571 2741 612 2806 m
636 2748 666 2825 3,
689 2747 731 2807 22
754 2741 908 2826 triplicem
932 2743 1094 2811 insint-‘eii
1115 2744 1245 2826 aciem,

144 2871 305 2934 qnorum
329 2849 506 2935 sanquine
527 2849 627 2916 denos
655 2849 815 2915 ordines.
840 2897 849 2915 .
873 2897 882 2915 .
906 2847 1099 2917 badnmnt.
1144 2847 1247 2914 Simili

143 2957 372 3020 constructione
408 2953 578 3020 Frontinus
614 2956 726 3034 utitur,
760 2953 816 3019 ubi
851 2954 1005 3020 obiectum
1039 2955 1172 3020 refertur
1206 2955 1246 3020 ad
1342 2984 1344 2986 ·

143 3065 302 3128 notionem
334 3063 507 3127 sententiae
536 3063 702 3146 primariae
733 3061 939 3144 collectivam,
969 3066 1052 3127 strat
1079 3060 1136 3125 III.
1166 3065 1198 3144 1,
1226 3066 1245 3126 2

138 3170 239 3255 potiri
249 3191 282 3236 se
292 3169 430 3253 oppido
439 3188 541 3253 posse,
558 3169 586 3234 si
597 3167 814 3252 inopinatos
822 3168 920 3252 (quod
928 3173 1011 3232 recte
1020 3168 1196 3252 suppeditat
1204 3167 1246 3251 H,

143 3277 178 3341 of.
203 3275 291 3340 Hert
313 3275 349 3340 st
372 3274 411 3342 V.
425 3275 486 3338 vol.
507 3281 535 3338 6.
551 3293 600 3358 pg.
619 3274 692 3352 101)
714 3274 890 3342 invaderet.
936 3272 1048 3356 Neque
1076 3273 1178 3338 aliena
1200 3279 1247 3338 est

143 3384 214 3448 talis
237 3384 425 3446 constructio
448 3380 487 3444 ab
510 3385 636 3444 auctore
658 3379 731 3444 libri
752 3379 808 3444 IV.
831 3379 867 3444 oi.
885 3385 914 3462 7,
931 3384 971 3444 28
988 3378 1135 3465 cymini
1152 3399 1246 3462 prce·

144 3495 235 3574 ceput,
262 3489 512 3571 incenderent
536 3491 678 3569 ponem.
703 3521 743 3534 -
771 3483 832 3550 Sed
863 3486 898 3548 in
928 3485 987 3548 bac
1017 3487 1246 3551 constructione

143 3595 323 3680 usurpanda
349 3593 517 3658 Frontinus
547 3612 620 3656 oum
652 3590 833 3656 melioribus
860 3589 1063 3674 scriptoribus
1092 3594 1245 3658 consentit

144 3704 190 3784 (cl.
213 3701 317 3784 Draeg
346 3699 370 3766 Ι,
393 3719 442 3785 pg.
468 3704 529 3764 173
554 3703 585 3763 et
609 3697 692 3778 174).

230 3807 342 3890 Neque
368 3805 629 3870 constructionem
656 3800 737 3872 κατὰ
764 3801 898 3872 σύνεσιν
920 3804 960 3868 ad
982 3821 1081 3886 genus
1103 3809 1244 3889 spectan-

144 3922 207 3980 tem
228 3912 396 3978 Frontinus
419 3911 583 3976 adamavit
627 3909 707 3976 Nam
731 3910 813 3994 apud
839 3910 991 3995 pluralem
1012 3909 1104 3978 neiiio
1129 3927 1243 3976 nomen

144 4019 385 4108 praedicativum
401 4035 524 4105 semper
537 4018 572 4082 in
589 4022 700 4084 neutro
717 4034 831 4104 genere
848 4017 983 4101 positum
1001 4021 1056 4100 est,
1078 4016 1243 4100 quodiam

1085 4139 1100 4185 a
