3062 4540
596 215 719 314 „ir

234 412 372 479 miscere.
401 410 844 479 Constructiomiscarecticoi
859 411 996 495 aliquid,
1014 433 1076 496 qua
1085 411 1254 476 Frontinus

147 519 260 600 utitur,
283 517 466 583 melioribus
489 537 615 602 quoque
638 517 843 602 scriptoribus
864 520 899 581 iu
921 539 983 583 usu
1004 519 1104 599 furtu:
1129 518 1152 585 1.
1177 525 1210 600 9,
1234 524 1253 582 3

145 625 263 692 samios
278 625 324 691 cis
339 625 397 708 qui
412 629 503 691 cairo
518 624 667 690 delictum
680 629 791 707 moab
806 624 845 691 ΙΙ.
867 630 901 712 3,
917 629 958 689 22
979 625 1033 692 cui
1048 623 1256 691 velocissimos

146 731 277 798 mismait
297 731 461 816 peditum
492 737 521 814 7,
551 737 590 796 13
620 731 749 798 miscuit
775 751 852 799 vera
876 729 987 816 falsis·
1018 751 1090 795 oum
1116 749 1254 815 praepos.

147 859 235 903 mam:
264 837 303 902 de
330 857 401 921 aqu.
431 842 482 916 27,
511 843 550 902 18
578 836 770 904 miscebatur
795 857 868 903 oum
895 835 1026 903 Anione
1052 858 1151 921 πονο,
1179 837 1255 902 item

142 944 349 1027 permiscere:
370 943 409 1007 de
432 963 502 1027 aqu.
527 949 578 1024 35,
602 950 620 1007 9
645 965 718 1010 cum
740 941 872 1009 Anione
889 942 1061 1026 permista·

236 1055 350 1134 aptore
372 1052 457 1130 (oum
480 1049 583 1114 dativo
606 1049 689 1133 apud
704 1048 893 1132 Vergilium,
915 1046 1067 1132 Livium):
1092 1052 1177 1117 strat.
1198 1048 1255 1112 IH.

150 1165 180 1239 9,
206 1163 225 1222 3
255 1156 438 1243 plodiisque
469 1161 556 1242 terpo
583 1155 717 1240 11111113,
751 1161 800 1237 17,
834 1161 852 1219 6
882 1175 949 1238 qao
974 1177 1010 1221 re
1033 1155 1158 1240 proelio
1185 1176 1257 1222 non

150 1268 274 1347 aptatos
297 1262 488 1344 trucidatam
514 1282 586 1326 oum
609 1281 711 1346 praep.
735 1263 779 1328 ed
806 1265 1020 1325 constructum
1042 1263 1149 1327 inveni
1171 1267 1255 1327 strat

149 1370 173 1432 I.
202 1377 236 1451 8,
264 1377 282 1434 5
312 1369 421 1452 aptari
448 1370 679 1454 1116911111,
705 1387 778 1432 cum
805 1385 907 1452 praep.
933 1367 987 1434 ia:
1015 1373 1066 1432 str.
1094 1367 1148 1433 IV.
1177 1374 1209 1450 1,
1236 1373 1253 1433 7

150 1475 331 1543 1116111111
353 1473 524 1556 fasciculos
547 1478 666 1558 optato.

237 1577 266 1648 2.
294 1579 456 1664 Sequitur,
484 1585 521 1644 ut
548 1580 648 1644 dicam
676 1579 716 1644 de
742 1601 803 1644 usu
830 1581 927 1644 dativi
954 1580 1059 1645 verbis
1085 1581 1257 1646 transitivis

151 1693 181 1752 et
202 1688 408 1752 intransitivis
426 1706 498 1751 oum
518 1687 743 1771 praepositione
766 1688 944 1770 compositis
967 1686 1106 1752 subiecti.
1147 1687 1185 1751 ln
1208 1688 1257 1752 hia

150 1793 253 1858 uerbis
291 1792 474 1858 adhibendis
515 1793 649 1858 maiores
692 1792 916 1877 discrepantiae
956 1793 1138 1859 statuendae
1175 1799 1256 1860 sunt.

151 1899 319 1964 Frontinus
341 1900 426 1964 enirn
446 1899 599 1984 discrepat
617 1920 636 1963 a
657 1897 749 1963 bonis
768 1899 983 1983 scriptoribuS,
1007 1901 1099 1964 etiam
1122 1898 1258 1982 aLirio,

151 2025 187 2070 eo
219 2006 304 2090 quod
340 2025 412 2070 eum
443 2007 506 2070 iliis
537 2006 654 2088 verbis,
691 2024 786 2089 quae,
822 2007 850 2069 si
885 2006 1032 2070 translate
1063 2006 1258 2089 adhibentur,

152 2113 293 2176 dativum
316 2113 501 2194 adsciscere,
528 2115 555 2178 si
578 2112 684 2176 localis
706 2113 791 2176 notio
814 2111 914 2194 adest,
937 2131 1010 2176 cunr
1033 2114 1258 2196 praepositione

151 2221 336 2304 plerumque
365 2220 514 2302 coniungi
543 2221 619 2284 satis
647 2224 756 2283 notum
780 2224 827 2284 est
856 2218 980 2304 (Draeg.
1007 2219 1031 2282 Ι.
1059 2239 1108 2303 pg.
1137 2225 1199 2285 406
1228 2225 1259 2283 et

153 2328 236 2405 419),
274 2326 342 2390 sive
375 2326 415 2389 ad
446 2327 550 2390 locum
587 2327 753 2410 pertinent,
792 2327 859 2390 sive
889 2328 1047 2390 notionem
1078 2327 1258 2390 translatam

152 2431 315 2512 exhibent,
344 2433 523 2516 saepissime
550 2432 692 2496 dativum
715 2433 888 2516 coniungit,
914 2433 1171 2517 praepositionem
1194 2438 1258 2495 tam

151 2558 222 2602 raro
240 2541 343 2620 iterat,
370 2544 407 2602 ut
428 2557 579 2602 numerus
601 2539 726 2602 illorum
749 2539 901 2619 locorum,
929 2537 1045 2622 quibus
1073 2539 1257 2623 praepositio

154 2647 315 2728 omittitur,
337 2647 394 2708 vix
416 2663 488 2708 curn
511 2645 585 2726 illis,
613 2644 728 2727 quibus
750 2646 851 2728 posita
873 2649 934 2726 est,
960 2646 1131 2728 comparari
1153 2645 1258 2728 possit

153 2751 314 2816 Permulta
352 2751 479 2835 quidem
516 2749 684 2814 Frontinus
724 2770 881 2834 nusquam
923 2769 995 2815 oum
1033 2751 1259 2835 praepositione

154 2859 336 2922 construxit
382 2854 451 2932 Quo
479 2857 593 2920 elarius
621 2862 725 2921 autern
753 2875 791 2921 ea
817 2858 958 2941 quaeda
985 2849 1151 2922 verborum
1174 2875 1258 2921 corn·

153 2966 325 3048 positorum
351 2982 414 3027 usu
441 2963 508 3026 dixi
536 2963 758 3047 demonstrem,
787 2965 923 3047 primum
951 2964 1057 3028 omnia
1083 2963 1136 3026 illa
1162 2961 1259 3027 rerba

155 3071 293 3152 afferam,
336 3088 417 3155 quae
454 3089 527 3134 eum
567 3071 795 3155 praepositione
837 3075 1013 3134 constructa
1047 3071 1260 3152 inveniuntur,

155 3177 267 3241 additis
289 3177 354 3240 illis
378 3195 504 3260 quoque
526 3177 615 3258 locis,
640 3175 755 3261 quibus
772 3178 958 3261 praepositio
977 3177 1092 3240 omissa
1110 3180 1168 3258 est,
1191 3180 1260 3238 tum

155 3302 191 3348 ea
227 3281 325 3348 verba
361 3282 563 3366 enumerabo,
605 3301 686 3366 quae
723 3301 887 3366 nunquam
925 3301 996 3346 eum
1034 3282 1261 3367 praepositione

155 3392 395 3473 coniunguntur.

242 3494 703 3580 a)Verbaoomposita,quorum
713 3495 847 3580 simplex
857 3495 1041 3560 estverbum
1050 3496 1258 3559 transitivum:

242 3604 292 3682 aa)
316 3621 389 3665 cum
411 3603 651 3686 praepositione:

243 3708 401 3794 odlipare:
421 3707 597 3790 1111115,
618 3713 657 3771 26
677 3707 808 3774 baculos
823 3708 866 3774 od
881 3706 1009 3774 arbores
1029 3707 1260 3792 ollipovement;

158 3823 185 3898 5,
201 3817 242 3879 28
257 3814 375 3897 quidus
388 3811 472 3899 (dat)
486 3814 530 3880 ud
543 3834 668 3882 cornua
680 3813 851 3897 fasciculos
871 3813 1076 3900 elimaverat,
1097 3811 1152 3876 IV.
1167 3815 1258 3896 praef.

245 4041 324 4112 1)()1.
344 4039 481 4107 Kuehner,
501 4041 623 4098 (drumm.
642 4041 690 4098 lat.
709 4043 726 4111 ξ
745 4043 787 4110 76,
806 4043 831 4099 6.
