3062 4540
809 214 871 278 108

374 411 436 478 Sed
458 411 536 476 haec
557 412 717 476 hactenus.
763 409 797 476 Si
819 365 892 495 quis
919 429 969 493 ea,
997 429 1079 495 quae
1106 410 1145 474 de
1167 409 1310 476 Frontini
1337 391 1399 474 elo'-
1515 389 1516 398 ἵ

285 520 411 584 cutione
451 519 607 604 congessi,
644 517 902 598 consideraverit,
941 518 974 582 in
1016 517 1163 582 omnibus
1199 517 1264 582 fere
1303 516 1399 582 rebus
1515 503 1516 570 ἰ

283 626 496 710 grammaticis
511 626 629 692 librum
645 630 792 710 quartum
807 629 1049 709 stratagematon
1063 644 1136 689 cum
1151 626 1261 690 ceteris
1276 625 1398 710 scriptis
1515 611 1516 660 ³

285 733 500 799 Frontiniauis
522 734 698 798 consentire
720 732 923 818 profitebitur.
960 732 1072 817 Itaque
1095 731 1182 816 quod
1203 731 1338 816 perfluet
1360 729 1398 796 ad

285 841 410 906 dicendi
433 841 706 921 consuetudinem,
734 859 828 906 causa
850 858 913 904 non
939 843 1000 922 est,
1024 839 1109 922 quod
1135 838 1252 903 librum
1279 837 1336 901 IV.
1359 837 1399 902 ad

285 949 382 1014 alium
410 953 570 1014 auctorem
598 951 692 1032 atqua
720 945 907 1012 Frontinum
933 947 1113 1012 referamus.
1159 945 1233 1010 Jam
1256 944 1398 1010 cunder-

284 1075 422 1122 mannus
445 1053 682 1140 quaestionibus
705 1055 772 1120 suis
794 1056 827 1118 in
850 1073 919 1118 eam
942 1054 1112 1138 perductus
1135 1058 1183 1118 est
1204 1053 1399 1132 sententiam,
1515 1143 1516 1148 ἵ

284 1168 321 1239 ut
348 1167 506 1228 auctorem
535 1161 608 1226 libri
635 1161 691 1228 IV.
714 1167 798 1228 strat.
826 1165 925 1225 aetate
952 1181 1015 1225 non
1043 1160 1180 1225 multum
1207 1158 1398 1224 aFrontino

285 1271 401 1336 distare
424 1270 621 1334 existimaret
644 1269 691 1351 (of.
715 1273 835 1353 quaest
857 1289 907 1353 pg.
932 1270 1019 1349 326),
1042 1287 1116 1332 cum
1132 1267 1399 1349 Wachsmuthius,

286 1379 378 1444 cuius
400 1377 534 1461 vestigia
549 1374 748 1440 Woelfflinus
771 1380 897 1440 secutus
921 1373 1188 1457 est,librum1V.
1211 1374 1250 1439 ab
1274 1380 1400 1440 auctore

286 1484 403 1550 saecraii
439 1483 578 1567 1V.,vel
605 1482 644 1546 V.
676 1502 705 1566 p.
742 1481 813 1546 Chr.
850 1483 1059 1567 conscriptum
1091 1500 1161 1546 esse
1196 1482 1399 1548 contenderit.

287 1589 407 1668 Quodsi
436 1595 468 1655 et
494 1588 688 1670 conceditur,
716 1587 832 1653 librum
855 1587 911 1653 IV.
933 1589 1126 1674 temporibus
1148 1587 1290 1654 Frontini
1314 1589 1400 1655 attri-

285 1697 450 1762 bueudum
473 1716 549 1778 esse,
573 1701 604 1762 et
625 1697 660 1759 in
678 1700 743 1760 tota
757 1695 823 1760 fere
838 1697 1014 1761 elocutione
1030 1691 1166 1761 duorum
1183 1697 1238 1781 qui
1253 1696 1401 1760 dicuntur

285 1806 471 1888 scriptorum
505 1809 694 1868 concentum
725 1799 828 1868 inesse
859 1804 968 1887 negari
999 1823 1064 1868 nun
1096 1807 1216 1888 potest,
1240 1822 1304 1867 non
1333 1805 1398 1884 iam

286 1910 395 1976 dubito
418 1910 535 1975 librum
554 1909 610 1974 IV.
630 1909 822 1976 adeundam
843 1915 1002 1976 auctorem
1021 1929 1168 1975 revocare
1187 1915 1280 1994 atque
1302 1907 1400 1973 libros

285 2025 348 2083 tres
371 2019 498 2103 priores,
520 2017 702 2102 praesertim
725 2037 799 2082 cum
821 2021 924 2082 cetera
947 2036 1073 2102 quoque
1091 2036 1258 2082 causarum
1276 2035 1400 2100 genera,

287 2144 369 2209 quae
383 2123 643 2190 Wachsmutths
662 2127 693 2188 et
705 2123 905 2188 Woelffliuus
923 2125 1131 2208 protulerunt,
1154 2128 1190 2188 ut
1212 2121 1329 2186 librum
1343 2121 1399 2186 IV.

286 2229 471 2296 aFroutino
489 2229 736 2294 abiudicandum
759 2249 828 2295 esse
851 2230 1058 2312 ostenderent,
1080 2231 1114 2294 in
1137 2231 1324 2295 universum
1341 2230 1400 2293 im·
1515 2237 1516 2302 ζ

285 2337 447 2424 probanda
470 2356 539 2403 esse
561 2337 842 2404 demonstraverint
864 2337 1007 2402 Fritzeus
1029 2345 1060 2401 et
1082 2329 1321 2402 Esternauxius

300 2479 302 2484 ·
374 2443 495 2528 Restat,
530 2450 567 2510 ut
602 2445 712 2530 paucis
743 2444 848 2510 verbis
883 2446 1049 2528 attingam,
1087 2443 1172 2528 quod
1204 2443 1243 2508 de
1274 2447 1401 2506 auctam

285 2551 358 2618 rien
380 2551 436 2616 ra.
459 2571 561 2636 nuper
582 2551 712 2636 protulit
734 2550 775 2614 n.
795 2549 916 2616 seuam
940 2551 990 2636 (of.
1013 2551 1172 2615 Pun.v01.
1193 2555 1243 2614 as.
1266 2569 1316 2633 pg.
1337 2553 1400 2614 em

286 2665 318 2726 et
341 2659 402 2738 75).
450 2657 570 2750 Censet
588 2659 656 2740 ille,
682 2657 751 2722 libr.
775 2658 830 2722 IV.
855 2657 894 2722 ab
922 2678 959 2723 eo
986 2658 1140 2744 praefecto
1167 2657 1305 2722 militum
1328 2673 1401 2720 con-
1515 2643 1516 2720 Ῐ

286 2768 437 2851 seriptum
460 2784 536 2848 esse,
560 2767 616 2850 qui
639 2785 722 2830 anno
746 2771 796 2832 70.
815 2786 843 2849 p.
861 2764 930 2831 Chr.
949 2764 1107 2848 Lingonas
1130 2767 1163 2828 iu
1185 2763 1400 2828 Romanorum
1446 2786 1450 2794 ·

285 2879 471 2959 potestatem
494 2874 647 2958 redegerit
669 2873 720 2954 (cf.
745 2878 798 2936 str.
822 2872 878 2936 IV.
903 2878 932 2953 3,
959 2871 1025 2955 14),
1048 2872 1133 2936 hunc
1155 2873 1191 2936 in
1213 2869 1320 2934 libello
1343 2888 1400 2934 suc

286 2979 500 3065 componendo
532 2999 605 3042 cum
637 2979 708 3043 aliis
735 2979 877 3043 fontibus
903 2984 972 3042 tum
1000 2977 1142 3042 Frontini
1173 2976 1401 3061 suaoegematis

286 3107 382 3152 usum
405 3105 488 3165 essm
511 3105 622 3151 rursus
646 3085 685 3150 ab
710 3087 772 3150 alio
795 3087 881 3150 hunc
902 3084 1045 3150 libellum
1068 3105 1141 3150 cum
1160 3084 1300 3149 monum
1322 3088 1401 3149 stra-

256 3207 258 3212 ’
287 3198 463 3275 tegematon
492 3192 580 3258 libris
607 3192 711 3258 tribus
737 3194 771 3258 iu
799 3191 900 3257 unum
928 3208 1042 3276 corpus
1069 3193 1286 3273 coniunctum,
1312 3210 1401 3276 prae-

286 3299 434 3364 fationem
467 3319 554 3385 quae.
580 3319 668 3364 nunc
699 3290 741 3364 sit
771 3299 844 3364 libri
876 3299 931 3364 IV.
965 3301 1112 3384 scriptam
1143 3299 1300 3382 primique
1328 3298 1402 3362 libri

286 3411 525 3490 stratagematon
548 3407 773 3492 praefationem
795 3406 901 3471 verbis
925 3405 963 3472 Si
992 3406 1049 3488 qni
1077 3409 1176 3472 ercan
1198 3454 1205 3469 .
1231 3455 1238 3470 .
1265 3455 1272 3470 .
1291 3405 1402 3489 posci-

286 3534 360 3580 mus
383 3519 504 3578 auctam
527 3533 604 3581 esse.
640 3513 728 3580 Haec
751 3513 897 3579 Schanzii
915 3513 1070 3578 sententia
1078 3514 1099 3592 1)
1121 3513 1223 3596 posita
1240 3517 1287 3577 est
1301 3513 1337 3576 in
1355 3533 1401 3596 eo,

288 3621 373 3706 quod
396 3621 464 3686 fieri
486 3641 549 3686 non
572 3622 685 3707 possit,
707 3627 745 3686 ut
766 3623 808 3704 is,
832 3624 887 3706 qui
909 3620 1007 3686 libros
1031 3624 1095 3684 tres
1117 3619 1236 3703 priores
1259 3617 1402 3683 Frontini

287 3730 442 3814 complere
466 3727 600 3794 voluerit
622 3733 653 3793 et
675 3748 710 3794 se
732 3728 917 3793 Frontinum
942 3746 1010 3792 esse
1032 3726 1215 3811 profiteatur
1237 3723 1289 3810 (cf.
1308 3724 1401 3810 praef.

378 3888 399 3956 ¹)
427 3885 506 3954 Quae
533 3886 650 3958 repetita
677 3891 720 3942 est
746 3885 776 3940 in
802 3883 983 3942 ‘Geachiehte
1009 3882 1058 3939 der
1084 3887 1153 3940 rim.
1180 3881 1349 3940 Idtteratur'
1376 3900 1401 3940 v.

287 3975 327 4031 M.
337 3974 451 4041 Schaua,
461 3973 501 4030 II.
510 3973 570 4029 Teil
581 3973 752 4044 (Handbuch
761 3973 810 4028 der
818 3973 902 4031 klaes.
913 3971 1264 4038 Altertumswissensmmt,
1273 3971 1401 4044 heransg.
1515 4031 1516 4038 ,

288 4081 314 4120 v.
332 4063 361 4120 J.
379 4079 405 4119 v.
424 4061 535 4130 Miiller,
553 4062 604 4118 Bd.
623 4063 719 4135 VIII),
738 4062 878 4120 Miiuchen
899 4063 976 4130 1892,
994 4079 1039 4133 pg.
1058 4061 1119 4116 469.
